1626 2488
253 95 326 132 226
614 94 733 132 PRO
775 96 860 133 CN.
893 97 1158 136 PLANCIO

891 225 917 256 P

251 311 400 351 Papiria,
418 311 529 349 tribus,
545 311 576 342 in
593 322 657 353 qua
673 311 851 343 Tusculani
868 312 1020 353 suffragia
1034 312 1189 349 ferebant,
1212 311 1250 343 19
1270 320 1305 343 τι

254 365 291 402 Q.
310 364 438 402 Pedius,
469 365 616 396 Caesaris
643 375 683 396 ex
705 375 816 396 sorore
842 375 944 406 nepos
968 372 1000 397 et
1025 377 1044 397 a
1068 366 1207 397 Caesare
1234 366 1367 397 coheres
1391 365 1575 397 Octaviano

293 418 441 458 scriptus,
475 425 587 449 auctor
620 418 701 459 legis
731 419 851 450 Pedt'ae
879 425 993 451 contra
1018 420 1086 451 eius
1111 420 1343 458 interfectores,
1374 420 1575 452 aedilitatem

294 471 386 511 petiit
402 481 477 502 cum
491 472 552 503 Cn.
574 471 707 502 Plancio
723 482 752 504 a.
775 481 824 512 54,
845 471 884 504 17
899 483 949 513 33,
967 472 1007 503 54
1024 475 1043 504 8

253 525 343 556 l'iso:
367 535 396 556 v.
416 535 440 556 s.
461 525 663 565 Calpurnius

255 581 316 610 Cu.
338 579 502 616 Plancius,
522 585 623 620 pater,
651 590 750 620 eques
778 579 957 617 Romanus,
981 580 1133 621 princeps
1158 580 1417 622 publicanorum,
1456 579 1498 610 24
1526 590 1573 617 Π,

296 631 509 662 maximarum
533 632 726 662 societatum
741 637 864 670 auctor,
891 632 1104 672 plurimarum
1128 634 1281 673 magister
1303 635 1344 663 32
1371 635 1420 672 28,
1441 633 1577 664 nimium

297 686 437 715 retinens
453 684 529 715 iuris
542 684 698 725 equestris
715 689 746 715 et
763 684 921 716 libertatis
938 685 977 715 55
999 694 1025 721 t,
1043 685 1111 717 eius
1128 685 1212 717 filius

257 739 317 769 Cn.
339 739 506 776 Plancius,
526 739 615 769 omni
632 738 728 770 laude
743 739 951 780 dignissimus
969 740 998 778 1,
1016 741 1172 771 oriundus
1185 752 1222 771 ex
1234 740 1435 782 praefectura
1450 741 1578 773 Atinati

298 792 337 821 19
359 783 405 828 18,
434 791 467 822 in
486 792 683 822 Macedonia
707 792 781 824 trib.
801 793 870 824 mil.
890 799 921 824 et
938 799 1090 834 quaestor
1110 794 1149 825 L.
1170 795 1328 835 Appuleii
1343 805 1373 826 a.
1394 796 1445 835 58,
1459 794 1498 824 28
1518 804 1579 834 33;

297 855 325 875 a.
355 843 394 883 56
418 844 492 875 trib.
514 844 559 885 pl.
579 844 620 874 28
637 846 676 883 8;
699 855 728 876 a.
757 855 795 885 55
824 846 1025 877 aedilitatem
1050 846 1154 888 petiit,
1180 857 1209 878 a.
1240 857 1279 887 54
1305 857 1379 878 cum
1401 847 1443 878 A.
1473 846 1580 877 Plotio

297 904 422 929 creatus
445 904 493 929 est
516 904 611 929 antea
641 909 660 929 a
685 899 835 930 Iuventio
859 900 1036 930 Laterense
1059 900 1100 931 de
1121 900 1247 931 ambitu
1270 905 1448 936 accusatu5‚
1465 899 1522 930 sed
1539 899 1580 929 ab

300 953 479 984 Hortensio
495 958 526 983 et
544 953 702 984 Cicerone
719 954 870 984 defensus
886 959 918 984 et
934 953 1102 984 absolutus
1127 954 1319 985 Ciceronem
1339 955 1522 986 exulantem
1548 954 1581 986 in

299 1006 496 1037 Macedonia
530 1006 671 1046 benigne
707 1012 830 1038 tutatus
868 1014 926 1046 est,
967 1008 1009 1039 99
1050 1018 1113 1047 24;
1143 1018 1226 1038 unus
1261 1008 1302 1039 de
1339 1009 1581 1049 magistratibus

297 1060 449 1091 defensor
468 1060 580 1091 salutis
598 1061 766 1091 Ciceronis
783 1062 823 1092 78
844 1072 881 1101 14

256 1115 299 1144 Λ.
331 1114 458 1144 Plotius
487 1114 658 1148 Silvanus,
693 1114 916 1145 ornatissimus
950 1113 1062 1153 homo,
1096 1113 1264 1145 familiaris
1296 1114 1476 1151 Ciceronis,
1508 1125 1581 1147 cum

299 1168 359 1198 Cn.
390 1167 525 1198 Plancio
549 1178 578 1199 a.
609 1177 645 1206 54
674 1169 789 1199 aedilis
816 1169 918 1199 sactus
944 1174 1003 1205 est,
1028 1174 1159 1210 praetor
1181 1169 1324 1200 urbanus
1345 1179 1374 1201 a.
1407 1180 1458 1210 51,
1486 1169 1525 1202 17
1554 1180 1580 1208 1,

298 1221 339 1252 54
356 1223 386 1259 8,
410 1231 445 1261 15

260 1278 320 1308 Cn.
349 1275 520 1316 Pompeius
547 1276 607 1307 Cn.
625 1275 658 1316 f.
686 1276 758 1308 Sex.
790 1287 824 1306 n.
851 1277 1008 1317 fllagnus,
1040 1279 1048 1293 ‘
1064 1275 1235 1314 triumvir,’
1260 1286 1291 1308 n.
1310 1287 1339 1308 a.
1362 1275 1432 1315 106,
1457 1282 1579 1315 auctor,

298 1330 374 1366 dux,
393 1329 544 1359 defensor
566 1329 679 1360 salutis
699 1329 878 1368 Ciceronis,
899 1330 932 1361 in
953 1341 987 1361 re
1002 1341 1036 1372 p.
1061 1330 1211 1371 princeps
1230 1330 1271 1361 93
1296 1338 1324 1370 7,
1350 1330 1518 1362 Ciceronis
1540 1332 1581 1362 ad

298 1394 373 1415 eum
389 1383 529 1424 epistula
545 1383 584 1413 85
604 1393 643 1422 30

257 1438 307 1468 M.
334 1438 471 1468 Porcius
497 1438 575 1468 Calo
602 1437 772 1468 Censorius
795 1435 936 1478 (maior),
961 1448 1100 1479 proavus
1127 1437 1301 1475 Uticensis,
1333 1438 1465 1469 Tusculi
1489 1444 1583 1470 natus

299 1502 327 1522 a.
356 1501 429 1531 234,
455 1492 497 1520 20
523 1500 573 1531 33,
600 1492 730 1531 sapiens
754 1492 948 1532 appellatus,
983 1498 1092 1523 orator
1118 1497 1150 1523 et
1173 1491 1312 1533 scriptor
1333 1492 1582 1531 celeberrimus;

299 1546 421 1576 dietum
439 1546 507 1576 eius
523 1546 556 1576 in
577 1547 768 1587 Omgrinibus
784 1546 826 1577 66
846 1545 882 1577 16

256 1601 430 1637 Praeneste,
450 1600 527 1630 urbs
550 1599 637 1630 Latii
661 1611 680 1630 a
705 1600 812 1631 Roma
835 1601 994 1632 orientem
1016 1611 1126 1632 versus
1147 1600 1179 1631 in
1201 1597 1366 1632 montibus
1388 1601 1460 1637 sita,
1483 1601 1582 1634 hodie

301 1653 498 1691 Palma-ina,
517 1653 586 1684 ludi
603 1654 647 1684 ibi
666 1653 803 1685 instituti
820 1655 886 1695 (ep.
904 1655 945 1685 ad
962 1655 1032 1686 Att.
1053 1662 1107 1685 XII
1126 1665 1154 1690 2,
1174 1655 1205 1692 2)
1223 1654 1262 1684 63
1284 1665 1321 1686 10

257 1707 307 1737 Al.
332 1707 460 1746 Pupius
482 1707 559 1737 Piso
585 1706 845 1746 Calpurnianus,
869 1708 1043 1749 adoptatus
1065 1718 1085 1738 a
1109 1708 1155 1738 M.
1178 1707 1293 1747 Pupio,
1317 1708 1417 1739 homo
1449 1708 1582 1740 nobilis-

299 1759 418 1796 simus;
453 1759 486 1790 in
509 1759 684 1789 aedilitatis
708 1760 864 1800 petitione
889 1760 938 1791 M.
966 1760 1042 1791 Seio
1066 1760 1272 1801 posthabitus
1297 1760 1336 1790 12
1364 1762 1414 1796 28,
1439 1771 1582 1792 summos

299 1819 408 1843 tamen
424 1812 564 1842 honores
581 1818 695 1853 postea
711 1813 860 1852 adeptus,
879 1823 943 1843 cos.
963 1822 992 1843 a.
1013 1811 1049 1843 61
1070 1813 1110 1843 51
1132 1823 1142 1843 1

257 1866 388 1902 Puteoli,
420 1865 499 1896 olim
525 1866 727 1905 Δικαιαρχία,
759 1866 963 1906 Campaniae
995 1866 1177 1906 emporium
1200 1865 1243 1897 ad
1265 1866 1372 1897 sinum
1396 1866 1582 1898 Cumanum

299 1929 317 1950 e
348 1918 479 1959 regione
503 1918 623 1949 Miseni
646 1919 871 1960 promuntorii‚
899 1919 998 1949 hodie
1023 1918 1223 1957 Pozzuoli,
1249 1930 1268 1950 a
1291 1919 1422 1960 puteis
1445 1920 1579 1959 dictum,

299 1972 339 2002 65
358 1982 397 2014 ‘²9

896 2077 927 2107 R

259 2162 408 2193 Lucilius
434 2162 592 2200 Racilius,
628 2162 702 2194 trib.
730 2162 774 2204 pl.
806 2173 834 2194 a.
866 2162 914 2202 56,
943 2163 1136 2194 fortissimus
1160 2168 1191 2195 et
1215 2165 1495 2196 constantissimus
1523 2165 1581 2203 vir,

302 2216 469 2248 Ciceronis
485 2217 737 2248 studiosissimus
753 2217 792 2249 77
808 2227 845 2257 32
