1593 2488
84 100 150 140 ΙΙΙ
173 97 213 152 8]
339 99 459 139 PRO
500 99 587 138 CN.
617 99 884 138 PLANCIO
924 99 1147 139 ORATIO
1383 113 1405 151 3

81 186 206 234 citiae,
227 199 327 236 quae
348 185 442 224 mihi
462 198 552 223 curn
572 185 638 224 illo
658 185 735 223 iam
755 185 823 224 diu
843 192 912 232 est,
933 193 976 223 ut
994 184 1101 224 idem
1121 184 1236 223 amici
1256 199 1409 236 semper

80 252 224 300 velint,
260 264 389 301 neque
419 259 479 290 cst
507 252 629 288 ullum
659 250 854 289 amicitiae
883 250 1024 289 certius
1054 250 1253 288 vinculum
1290 264 1408 300 quam

81 330 297 357 consensus
327 324 366 354 et
404 315 571 354 societas
610 315 864 353 consiliorum
903 322 942 352 et
979 316 1236 353 voluntatum.
1313 315 1410 354 mihi

79 391 211 422 autem
250 395 330 420 non
368 381 409 420 id
437 389 495 419 est
524 381 564 418 in
593 381 668 418 hac
695 393 736 419 re
765 380 1098 426 molestissimum,
1129 388 1267 419 contra
1300 380 1408 419 illum

47 470 62 494 5
81 448 221 493 dicere,
246 449 316 486 sed
339 447 463 485 multo
490 446 587 483 illud
616 446 750 495 magis,
781 446 889 495 quod
917 445 957 483 in
984 458 1030 483 ea
1053 457 1170 483 causa
1195 453 1330 483 contra
1356 445 1411 483 di-

80 513 251 551 cendum
289 519 358 558 est,
390 511 431 549 in
468 524 547 560 qua
577 511 772 560 quaedam
805 510 1010 549 hominum
1049 510 1220 560 ipsorum
1258 511 1411 549 videtur

79 576 260 615 facienda
293 588 378 614 esse
412 575 627 613 contentio.
699 574 850 624 quaerit
888 574 994 613 enim
1032 574 1254 613 Laterensis
1291 583 1408 625 atque
1430 579 1451 615 6

79 641 156 679 hoc
181 653 261 678 uno
284 639 454 678 maxime
477 648 600 688 urget,
631 652 710 688 qua
735 652 776 677 se
801 638 954 686 virtute,
982 652 1061 688 qua
1079 639 1195 678 laude
1216 640 1408 687 Plancius,

80 719 158 755 qua
184 705 373 755 dignitate
397 704 596 754 superarit.
654 704 720 750 ita,
741 704 773 742 si
793 705 893 742 cedo
913 703 1015 742 illius
1037 704 1287 752 ornamentis,
1309 718 1410 754 quae

30 790 62 807 10
80 769 204 805 multa
241 775 280 806 et
309 780 452 816 magna
485 774 586 813 sunt,
622 779 703 804 non
733 767 861 804 solum
890 766 1006 805 huius
1036 767 1235 816 dignitatis
1263 768 1411 807 iactura

79 831 260 870 facienda
288 839 358 877 est,
388 831 459 869 sed
487 830 606 869 etiam
635 829 849 880 largitionis
877 830 1103 880 recipienda
1127 831 1296 881 suspicio
1326 840 1410 871 est:

80 896 140 935 sin
164 897 269 934 hunc
295 896 351 934 illi
379 904 592 945 antepono,
624 896 913 934 contumeliosa
939 897 1122 935 habenda
1145 905 1204 936 est
1227 897 1352 936 oratio
1372 905 1411 937 et

81 962 295 1001 dicendum
316 969 373 1000 est
393 962 446 1009 id,
467 962 575 1011 quod
595 961 658 1000 ille
679 975 742 1000 me
762 961 920 1011 flagitat,
942 963 1195 1001 Laterensem
1211 976 1234 1000 a
1249 963 1411 1002 Plancio

82 1027 271 1077 dignitate
300 1040 385 1065 esse
414 1035 649 1076 superatum.
707 1027 762 1065 ita
784 1035 851 1066 aut
877 1027 1103 1066 amicissimi
1126 1028 1295 1067 hominis
1316 1028 1412 1068 exis-

31 1107 61 1131 15
81 1092 234 1130 timatio
267 1092 505 1130 offendenda
533 1099 603 1138 est,
634 1091 666 1129 si
695 1091 801 1130 illam
835 1092 1095 1131 accusationis
1133 1093 1411 1132 condicionem

82 1169 233 1206 sequar,
272 1164 339 1195 ant
376 1156 526 1206 optime
565 1157 614 1194 de
650 1170 714 1195 me
750 1157 878 1195 meriti
913 1159 1016 1196 salus
1055 1159 1284 1197 deserenda.
1342 1160 1410 1197 ΙΙΙ

82 1222 153 1259 sed
187 1233 271 1271 ego,
302 1220 535 1268 Laterensis,
566 1233 727 1259 caecum
758 1234 822 1259 me
856 1228 895 1259 et
922 1221 1176 1271 praecipitem
1205 1222 1293 1261 ferri
1321 1235 1412 1261 con-

83 1286 193 1323 fitear
221 1286 261 1322 in
294 1298 424 1332 causa,
460 1285 492 1323 si
521 1293 560 1323 te
591 1293 659 1323 aut
689 1299 712 1323 a
746 1285 907 1324 Plancio
936 1294 1004 1324 aut
1033 1287 1083 1324 ab
1112 1287 1193 1325 ullo
1222 1286 1411 1336 dignitate

81 1349 257 1399 potuisse
273 1348 445 1398 superari
461 1349 606 1387 dixero.
642 1349 776 1398 itaque
795 1349 996 1388 discedam
1013 1352 1063 1388 ab
1080 1364 1126 1388 ea
1145 1351 1411 1398 contentione,

31 1437 64 1454 20
82 1415 132 1452 ad
166 1427 285 1463 quam
316 1422 358 1452 tu
388 1427 450 1452 me
479 1427 607 1460 vocas,
639 1421 678 1451 et
705 1413 861 1451 veniam
890 1415 942 1452 ad
970 1415 1087 1459 illam,
1117 1416 1168 1453 ad
1197 1429 1316 1465 quam
1349 1429 1413 1455 me

81 1492 199 1517 causa
228 1479 313 1528 ipsa
344 1479 514 1517 deducit.
574 1478 680 1528 quid,
715 1486 757 1516 tu
797 1481 966 1516 idoneum
1005 1480 1203 1529 dignitatis
1241 1481 1454 1519 iudicem?

81 1551 197 1594 putas
227 1556 311 1581 esse
340 1544 563 1592 populum?
605 1544 768 1581 fortasse
803 1556 1102 1593 nonnumquam
1135 1552 1204 1583 est.
1261 1545 1412 1583 utinam

81 1621 173 1646 vero
194 1620 349 1656 semper
372 1610 496 1645 esset!
526 1607 596 1645 sed
623 1615 680 1646 est
706 1620 873 1656 perraro,
898 1615 937 1646 et
963 1607 995 1646 si
1018 1610 1179 1657 quando
1205 1616 1276 1655 est,
1297 1609 1337 1647 in
1357 1608 1413 1648 eis

81 1671 369 1721 magistratibus
407 1679 467 1709 est
497 1671 743 1718 mandandis,
777 1671 917 1721 quibus
956 1673 1122 1710 salutem
1156 1686 1266 1711 suam
1305 1686 1412 1712 com-

32 1761 62 1784 25
81 1734 183 1773 mitti
225 1742 357 1784 putat:
408 1734 468 1773 his
512 1734 722 1773 levioribus
766 1735 935 1773 comitiis
978 1735 1180 1786 diligentia
1219 1745 1256 1775 et
1292 1737 1414 1786 gratia

81 1799 293 1849 petitorum
321 1801 448 1838 honos
476 1799 631 1850 paritur,
655 1813 737 1838 non
766 1800 820 1838 eis
850 1801 1103 1847 ornamentis,
1131 1814 1232 1851 quae
1258 1815 1343 1840 esse
1372 1802 1412 1839 in

81 1872 120 1903 te
147 1864 336 1903 videmus.
394 1878 486 1903 nam
515 1866 622 1914 quod
651 1867 702 1904 ad
727 1866 919 1915 populum
946 1866 1126 1915 pertinet,
1151 1879 1306 1917 semper
1334 1867 1414 1917 dig-

80 1928 211 1966 nitatis
240 1928 396 1976 iniquus
424 1928 543 1967 iudex
571 1937 630 1968 est
658 1929 726 1979 qui
755 1937 821 1967 aut
850 1930 1000 1968 invidet
1025 1939 1091 1969 aut
1116 1932 1219 1970 favet
1232 1946 1243 1979 3
1276 1945 1412 1981 quam—

81 2005 199 2042 quam
231 1992 328 2030 nihil
361 2000 473 2042 potes
512 1993 553 2031 in
586 2001 636 2041 te,
678 1994 912 2042 Laterensis,
945 1995 1184 2034 constituere
1218 1996 1326 2045 quod
1364 1996 1413 2035 sit

30 2080 64 2105 30
81 2059 279 2109 proprium
297 2060 424 2098 laudis
444 2068 545 2108 tuae,
563 2060 657 2110 quin
676 2061 718 2099 id
737 2061 809 2100 tibi
829 2061 877 2100 sit
896 2075 1107 2101 commune
1127 2076 1218 2102 cum
1240 2065 1410 2103 Plancio.

81 2125 150 2162 sed
179 2125 257 2163 hoc
285 2133 412 2163 toturn
440 2133 576 2176 agetur
603 2126 681 2165 alio
709 2127 823 2165 loco:
857 2140 964 2165 nunc
993 2135 1146 2166 tanturn
1175 2129 1333 2178 disputo
1361 2130 1412 2169 de
1431 2134 1455 2172 8

81 2187 163 2226 iure
195 2188 342 2238 populi,
377 2188 443 2238 qui
478 2197 516 2228 et
548 2198 680 2239 potest
718 2198 756 2228 et
794 2192 894 2230 solet
932 2204 1233 2242 nonnumquam
1270 2192 1412 2242 dignos

80 2251 299 2300 praeterire,
327 2264 403 2290 nec
430 2251 463 2290 si
487 2265 512 2290 a
538 2253 687 2302 populo
715 2253 947 2302 praeteritus
972 2261 1032 2295 est
1055 2267 1174 2304 quem
1200 2266 1281 2292 non
1301 2268 1413 2305 opor-

1191 2340 1296 2369 1—-2
