1626 2488
179 115 228 153 83
565 117 685 157 PRO
725 118 811 156 CM
841 119 1106 158 PLANCIO
1227 118 1327 172 [XII
1355 121 1498 169 §30—

177 197 444 237 ‘unrestrained‚’
459 199 498 232 cf.
524 210 570 231 or.
593 211 624 241 p.
651 201 760 233 Scaur.
787 210 820 239 15
844 200 959 241 (Orelli
980 213 1012 243 p.
1034 210 1074 232 IV
1089 213 1122 243 p.
1139 202 1201 241 958
1219 203 1268 233 ed.
1290 201 1320 244 ε)
1347 203 1499 234 dominus

174 244 219 270 est
231 241 296 281 {pse
308 242 484 272 voluntatis
497 254 574 274 suae
588 245 624 274 in
640 255 701 285 quo
716 250 760 275 est
775 245 971 285 impunita
987 246 1161 276 mentiendi
1174 246 1312 276 licentia.
1354 248 1416 277 See
1428 247 1498 277 also

175 282 216 313 de
239 288 320 314 orat.
345 292 356 315 1
379 285 397 322 ἕ
420 284 483 316 226
503 290 612 316 tamen
633 298 730 318 suum
754 289 806 318 ius
827 294 922 329 atque
943 289 1092 318 omnium
1115 299 1226 319 rerum
1261 289 1497 329 impunitam

173 325 346 357 libertatem
362 332 467 359 tenere
478 329 594 360 debeat.

237 391 260 420 1.
278 393 308 420 4.
353 394 493 429 raptam
516 394 605 432 esse]
628 403 672 425 sc.
698 393 810 425 dicis.
859 397 1039 426 mimulam
1063 398 1100 426 ‘a
1117 406 1198 436 poor
1215 394 1357 430 actress‚’
1375 395 1498 433 (whose

173 433 353 473 profession
377 445 442 466 was
464 437 621 475 regarded
644 447 679 467 as
702 437 872 473 infamous,
908 439 1025 478 Mayor
1049 439 1123 479 Juv.
1149 447 1218 469 x·111
1248 440 1423 479 183—198,
1450 449 1496 469 or.

176 475 260 506 Phil.
286 484 312 507 11
338 478 354 514 §
379 478 418 516 58
441 478 463 508 1.
492 480 552 518 19),
580 490 622 510 an
649 480 783 510 ironical
806 481 1009 519 diminutive,
1037 492 1079 512 on
1111 481 1218 512 which
1249 492 1302 512 see
1333 492 1367 512 n.
1391 492 1434 513 on
1457 482 1498 513 de

175 518 228 550 off.
250 520 513 560 1§41,11§56,
535 530 579 552 111
597 523 613 559 ἓ
632 531 681 563 73,
698 523 715 560 ἓ
732 524 781 564 89.

237 585 261 614 1.
279 587 308 614 5.
353 593 376 615 a
397 586 593 624 iuventute]
618 586 677 627 ‘by
697 597 717 617 a
735 587 825 627 body
845 587 883 618 of
902 585 1042 627 youths‚'
1062 588 1138 619 who
1161 588 1239 619 took
1263 588 1446 628 advantage
1465 588 1504 619 of

174 626 230 657 the
251 626 373 658 licencc
392 627 429 658 of
448 628 504 659 the
525 629 631 659 scenic
650 640 782 669 games3
806 630 846 660 cs.
864 631 933 661 Liv.
956 639 983 661 11
1005 632 1041 661 18
1057 642 1088 661 eo
1103 642 1191 661 anno
1207 632 1337 669 Romae,
1355 642 1428 662 eum
1443 637 1501 668 fer

173 669 265 700 ludos
279 670 318 700 al)
333 670 532 701 Sabinorum
552 672 718 702 iuventute
734 678 792 712 per
810 673 976 703 lasciviam
996 678 1097 703 scorta
1118 679 1321 714 raperentur,
1340 684 1498 704 concursu

173 712 343 742 hominum
373 713 450 743 rixa
479 724 516 743 ac
545 720 645 754 prope
673 716 834 754 proelium
863 715 946 756 fuit.
1006 716 1175 747 ‘Ceterum
1211 717 1393 748 iuventus
1423 717 1499 747 ista

174 755 371 795 oppidana
395 756 459 786 iam
476 757 593 787 veteris
615 757 660 787 rei
679 758 830 798 publicae
849 764 996 799 tempore
1011 769 1069 799 per
1084 759 1210 799 singula
1229 760 1406 800 municipia
1421 769 1497 790 con-

173 797 259 838 legia
287 798 416 829 videtur
444 799 660 834 constituisse,
691 811 774 840 quae
800 811 875 831 suos
912 806 1076 841 patronos,
1115 808 1286 839 curatores,
1328 802 1499 842 magistros

174 845 424 881 quaestoresque
454 842 628 877 habebant,
651 853 689 873 ac
713 843 827 873 diebus
848 844 936 874 sestis
963 853 1096 882 operam
1118 845 1281 875 navabant
1307 844 1391 875 ludis
1415 845 1498 875 cele—

173 883 317 913 brandis.
365 884 501 924 Saepius
523 885 689 916 Iuvenes
713 891 745 916 et
768 885 957 917 Iuventus
983 885 1045 917 hoe
1069 896 1164 917 sensu
1189 887 1222 917 in
1246 886 1410 927 lapidibus
1431 897 1498 918 me·

174 926 367 957 morantur.'
412 935 472 957 OR.

235 980 373 1019 Atinae]
396 981 414 1019 §
433 980 509 1022 191.
526 990 576 1014 21.

235 1047 258 1076 1.
279 1049 307 1077 6.
355 1046 446 1085 iure]
479 1045 681 1089 ‘privilege’
716 1049 890 1085 oppidano
918 1048 944 1086 )(
971 1048 1138 1086 urbano,
1172 1051 1180 1065 ‘
1193 1047 1397 1089 provincial.’
1442 1048 1494 1080 Cf.

174 1089 263 1119 Brut.
286 1090 303 1126 ξ
329 1099 388 1129 242
414 1091 603 1130 oppidano
626 1091 762 1132 quodam
787 1096 817 1121 et
837 1091 998 1122 incondito
1018 1102 1131 1131 genere
1146 1092 1282 1126 (licendi,
1304 1092 1382 1122 Tac.
1409 1092 1497 1122 Ann.

174 1139 212 1162 Vt
240 1141 273 1170 15
300 1132 427 1163 Vinicio
450 1133 691 1174 oppidanum
703 1145 818 1175 genus,
840 1142 906 1165 XIV
930 1142 965 1173 17
987 1135 1182 1175 oppidana
1201 1135 1337 1165 lascivia
1358 1135 1498 1166 invicem

174 1175 360 1206 incessentes
366 1176 500 1216 probra.

237 1254 254 1291 ἓ
267 1256 332 1288 31,
344 1255 368 1284 1.
380 1258 409 1286 7.
436 1255 630 1294 eleganter]
646 1255 699 1286 i.e.
711 1256 842 1293 honeste,
853 1255 1049 1297 ‘correctly‚'
1061 1255 1304 1297 ‘blamelessly.’
1320 1257 1371 1288 Cf.
1380 1257 1420 1288 de
1430 1267 1497 1287 sen.

173 1297 190 1334 ἓ
204 1306 240 1335 13
257 1297 359 1337 quiete
371 1302 401 1327 et
408 1303 496 1337 pure
509 1303 605 1339 atque
619 1299 816 1339 eleganter
829 1305 914 1329 actae
929 1301 1050 1338 aetatis,
1068 1300 1138 1329 Liv.
1150 1310 1235 1330 xxxv
1247 1309 1297 1337 31,
1310 1310 1346 1339 14
1363 1310 1499 1340 maguae

173 1339 208 1369 ob
229 1340 426 1380 eleganter
449 1345 554 1371 actam
577 1342 680 1372 vitam
703 1342 917 1377 auctoritatis,
944 1343 1034 1372 Brut.
1056 1343 1073 1380 ἓ
1095 1351 1154 1382 295
1179 1343 1309 1373 nomine
1331 1353 1389 1373 nos
1410 1344 1499 1383 capis

173 1383 296 1413 summi
309 1383 380 1413 viri
392 1384 537 1424 vitaeque
550 1384 859 1425 elegantissimae
874 1385 1051 1415 verissimis
1065 1385 1225 1421 laudibus,
1243 1396 1293 1426 ep.
1311 1386 1352 1416 ad
1369 1386 1439 1416 Att.
1457 1393 1495 1416 VI

175 1435 192 1454 2
209 1426 226 1462 ἓ
243 1427 261 1457 8
284 1426 344 1456 ain
363 1427 501 1464 tandem,
526 1428 641 1465 Attice,
667 1428 821 1457 laudator
840 1428 1040 1468 integritatis
1058 1432 1089 1458 et
1109 1429 1324 1467 elegantiae
1348 1428 1498 1459 nostrae?

175 1468 252 1499 Tac.
280 1469 368 1499 Ann.
397 1477 463 1499 XIV
488 1479 525 1510 19
549 1470 677 1501 celebris
701 1471 898 1510 elegantia
924 1470 1018 1505 vitae,
1046 1470 1102 1501 i.e.
1136 1471 1203 1501 ‘sor
1227 1471 1282 1501 the
1306 1471 1496 1502 refinement

174 1511 212 1541 of
222 1511 272 1542 his
288 1510 366 1545 life.’
382 1522 403 1541 v
419 1513 437 1542 8
453 1512 651 1553 Pomponius
671 1514 776 1543 multa
798 1524 926 1544 morum
946 1514 981 1544 el
984 1524 1048 1554 ega
1055 1513 1141 1544 ntia
1164 1518 1193 1544 et
1208 1514 1338 1554 ingenio
1354 1514 1491 1552 illustri,

174 1564 220 1584 or.
242 1564 275 1594 p.
295 1554 374 1585 Suu.
398 1555 414 1591 ἕ
434 1564 471 1595 79
487 1556 546 1596 qui
565 1567 637 1585 cum
660 1567 791 1586 summa
814 1556 1008 1596 elegantia
1032 1561 1126 1597 atque
1146 1557 1328 1597 integritate
1350 1556 1491 1593 vixistis,

173 1597 281 1627 where
312 1597 415 1628 Halm
446 1598 505 1629 has
535 1598 590 1629 the
621 1599 790 1639 following
822 1599 1047 1629 observation:
1091 1600 1193 1638 ‘Quid
1224 1599 1265 1630 sit
1295 1599 1495 1639 elegantia

172 1639 293 1677 vitae,
334 1641 469 1680 optime,
500 1642 626 1682 opinor,
660 1642 839 1682 intellegas.
874 1642 901 1672 si
931 1642 1139 1682 reputaveris,
1178 1652 1260 1682 quac
1297 1642 1496 1682 elegantia

173 1682 331 1713 sermonis
355 1683 492 1713 dicatur.
541 1684 585 1714 Ut
613 1685 698 1715 enim
724 1685 804 1715 haec
830 1685 863 1715 in
890 1695 972 1725 pura
995 1692 1026 1715 et
1053 1685 1238 1725 incorrupta
1263 1685 1495 1716 consuetudine

175 1726 315 1756 cernitur
339 1726 381 1763 (ν.
403 1726 493 1756 Brut.
515 1727 531 1763 ἓ
550 1726 634 1763 261),
662 1728 707 1757 sic
732 1728 929 1767 elegantia
947 1728 989 1757 ad
1011 1727 1110 1757 vitam
1132 1728 1286 1758 translata
1309 1728 1349 1758 de
1371 1738 1409 1758 ea
1430 1729 1494 1758 vita

175 1768 301 1804 dieitur,
333 1778 416 1809 quae
446 1779 543 1799 omne
573 1770 661 1810 quod
692 1770 725 1801 in
755 1771 900 1800 moribus
931 1770 1083 1801 vitiosum
1113 1776 1144 1800 et
1174 1775 1362 1810 corruptum
1392 1770 1492 1801 videri

174 1811 287 1851 possit,
315 1811 419 1842 oderit
446 1818 477 1842 et
501 1812 674 1852 diligenter
698 1819 819 1850 caveat,
848 1823 888 1844 ne
915 1823 1070 1853 umquam
1095 1813 1136 1843 ab
1159 1813 1297 1843 honesto
1321 1818 1353 1843 ct
1377 1813 1495 1844 decoro

175 1854 347 1885 descivisse
362 1854 532 1884 videatur.’
578 1856 631 1885 On
652 1856 706 1886 the
730 1856 884 1896 meaning
905 1855 942 1886 of
963 1856 1128 1886 traducere
1152 1856 1204 1886 ‘to
1230 1854 1352 1896 spend’
1377 1854 1497 1896 ‘pass,'

175 1897 214 1927 cf.
234 1897 331 1928 Tusc.
352 1904 394 1927 111
412 1898 429 1935 ἓ
446 1907 482 1935 25
500 1898 650 1928 volumus
664 1899 720 1928 lzoc
734 1899 819 1939 quod
830 1899 942 1928 datum
958 1903 1001 1928 est
1017 1899 1104 1928 vilae
1119 1899 1297 1939 tranquille
1311 1898 1497 1939 placideque

173 1940 391 1976 traducere,
411 1940 452 1971 de
473 1950 538 1970 sen.
559 1942 576 1977 ξ
593 1942 631 1971 82
653 1941 782 1971 otiosam
803 1946 933 1971 aetatem
952 1941 1024 1971 sine
1046 1941 1112 1971 ullo
1130 1941 1235 1971 labore
1252 1946 1282 1972 ct
1302 1942 1494 1972 contentione

173 1984 388 2021 traducere,
410 1983 493 2014 Hor.
515 1984 575 2024 Ep.
597 1991 620 2014 1.
642 1985 689 2021 18,
709 1993 749 2024 97
766 1985 965 2014 traducere
978 1984 1093 2014 leniter
1107 1994 1234 2014 aevum.

238 2048 568 2086 cum—reperiatur]
603 2048 773 2088 ‘although
797 2048 851 2078 the
874 2052 926 2078 act
950 2047 1028 2077 with
1052 2047 1159 2077 which
1182 2046 1223 2077 he
1246 2046 1272 2077 is
1295 2046 1494 2087 reproached

174 2102 242 2122 was
265 2101 328 2121 one
353 2091 459 2121 which
485 2091 525 2121 he
549 2091 614 2121 had
635 2091 691 2121 the
715 2090 870 2131 privilege
895 2090 932 2120 of
954 2089 1160 2129 committing
1184 2089 1304 2127 (which
1327 2090 1368 2121 he
1390 2090 1495 2129 might

174 2134 258 2165 have
280 2133 470 2165 committed
491 2134 629 2164 without
648 2133 820 2164 infractiori
839 2133 875 2163 of
894 2133 948 2163 the
970 2133 1057 2170 law),
1079 2133 1144 2163 still
1166 2142 1247 2162 even
1266 2132 1336 2163 that
1352 2132 1378 2163 is
1394 2133 1493 2164 found

174 2183 209 2208 ιο
230 2177 273 2207 be
295 2176 410 2216 falsely
431 2176 498 2207 laid
522 2182 556 2207 to
580 2177 630 2207 his
656 2175 795 2216 charge.’
841 2176 895 2206 On
917 2186 989 2205 cum
1013 2175 1197 2205 concessive
1221 2185 1272 2205 see
1296 2175 1403 2205 Kenn.
1431 2175 1489 2206 Gr.

174 2229 208 2259 p.
224 2220 288 2259 480
310 2220 414 2259 ἕπῃ,
435 2219 580 2260 Draeger
603 2219 679 2250 hist.
705 2219 797 2257 Synt.
829 2226 855 2249 11
882 2229 914 2259 p.
934 2226 1004 2256 743,
1033 2218 1145 2248 Madv.
1171 2217 1227 2248 Gr.
1255 2218 1351 2257 §358
1370 2217 1430 2249 obs.
1462 2227 1491 2258 3,

175 2262 273 2304 Roby
290 2261 346 2294 Gr.
364 2269 392 2292 11
409 2263 426 2300 ἓ
445 2270 536 2303 1730,
556 2272 588 2293 n.
606 2267 639 2293 to
655 2262 695 2293 de
711 2261 766 2293 off.
785 2269 811 2293 11
829 2262 846 2299 ἓ
864 2270 912 2301 35,
933 2262 1015 2299 §54.
