1593 2488
65 772 96 789 10

67 1416 100 1433 20

111 86 194 125 VII
219 83 282 138 17]
378 84 498 124 PRO
538 83 626 122 CN.
655 82 922 121 PLANCIO
962 81 1186 120 ORATIO
1415 93 1434 131 7

111 171 301 223 spectatio
328 170 615 221 suffragiorum:
648 170 756 218 nihil,
787 178 830 210 ut
858 171 1089 221 plerumque
1117 169 1258 218 evenit,
1289 177 1440 220 praeter

111 237 337 287 opinionem
358 237 533 285 accidet3
565 237 672 274 nulla
701 235 772 275 erit
800 237 966 285 posthac
985 235 1149 273 varietas
1178 235 1437 274 comitiorum.

113 300 171 340 sin
199 302 276 340 hoc
305 313 493 351 persaepe
523 300 679 347 accidit,
700 307 744 338 ut
772 307 811 338 et
838 301 961 338 factos
986 298 1138 348 aliquos
1159 305 1197 336 et
1216 311 1298 338 non
1317 300 1440 337 factos

113 378 196 405 esse
223 365 418 411 miremur,
441 364 472 403 si
501 377 663 414 campus
692 371 812 414 atque
841 364 930 403 illae
955 365 1086 402 undae
1115 363 1373 410 comitiorum,
1398 372 1441 402 ut

113 442 217 468 mare
250 430 487 479 profundum
525 435 566 467 et
602 427 851 474 immensum,
885 427 940 466 sic
973 429 1230 466 effervescunt
1267 428 1440 477 quodam

114 495 222 545 quasi
250 502 372 541 aestu,
394 501 435 532 ut
464 494 515 532 ad
543 494 640 533 alios
668 495 872 541 accedant,
893 494 945 532 ab
973 492 1057 531 aliis
1085 500 1215 530 autem
1242 493 1439 539 recedant,

114 566 242 597 tamen
263 572 336 597 nos
364 557 404 596 in
429 558 579 608 impetu
600 558 821 597 studiorum
841 566 880 596 et
899 564 1010 596 motu
1029 556 1257 596 temeritatis
1277 557 1441 594 modum

114 622 282 672 aliquem
309 629 347 661 et
376 622 583 660 consilium
612 629 652 660 et
680 622 872 660 rationem
898 621 1167 670 requiremus?
1222 633 1340 670 quare
1361 620 1441 658 noli
1461 623 1508 659 10

115 699 179 726 me
199 687 250 725 ad
268 687 560 725 contentionem
580 693 751 725 vestrum
770 699 923 733 vocare,
945 684 1177 724 Laterensis.
1235 684 1381 723 etenim
1410 685 1442 723 si

114 752 262 802 populo
279 759 385 801 grata
404 759 462 790 est
477 753 631 799 tabella,
647 765 747 801 quae
767 750 904 790 frontis
923 751 1046 800 aperit
1065 750 1281 797 hominum,
1299 748 1442 787 mentis

115 815 211 866 tegit
230 816 371 865 datque
397 829 484 854 eam
510 815 742 864 libertatem,
764 823 808 854 ut
827 815 936 865 quod
956 814 1078 853 velint
1104 813 1259 861 faciant,
1280 813 1442 863 promit-

115 888 201 920 tant
229 888 354 919 autem
385 881 494 931 quod
519 889 716 931 rogentur,
738 894 807 919 cur
834 887 877 918 tu
906 880 947 919 id
976 879 1016 918 in
1045 879 1192 918 iudicio
1215 887 1258 918 ut
1284 880 1351 917 fiat
1379 891 1442 917 ex-

116 944 263 995 primis,
284 945 387 994 quod
408 958 488 983 non
509 946 550 983 fit:
571 946 611 983 in
631 947 798 994 campo?
841 944 922 982 ‘hic
941 957 1060 993 quam
1081 943 1144 982 ille
1169 943 1337 993 dignior'
1358 957 1442 993 per-

118 1022 238 1059 quam
266 1021 374 1059 grave
404 1017 462 1047 est
491 1008 607 1047 dictu.
667 1022 748 1058 quo
774 1009 896 1047 modo
922 1007 1038 1058 igitur
1062 1014 1122 1046 est
1146 1007 1331 1057 aequius?
1386 1006 1442 1045 sic

119 1074 256 1113 credo:
285 1074 386 1123 quod
399 1073 535 1124 agitur,
551 1074 657 1123 quod
672 1073 764 1112 satis
780 1081 839 1112 est
852 1073 990 1112 iudici:
1025 1073 1105 1111 ‘hic
1120 1074 1243 1111 factus
1257 1072 1338 1112 est.'
1373 1085 1442 1110 cur

119 1137 193 1177 iste
211 1137 334 1188 potiis
355 1151 473 1187 quam
495 1139 593 1188 ego?
630 1139 693 1176 vel
714 1137 847 1176 nescio
867 1138 928 1176 vel
954 1150 1035 1176 non
1059 1137 1148 1176 dico
1169 1138 1229 1176 vel
1255 1137 1441 1187 denique,

119 1204 228 1254 quod
248 1203 336 1241 mibi
355 1203 627 1253 gravissimum
647 1210 761 1250 esset,
783 1202 814 1240 si
835 1201 1018 1249 dicerem,
1039 1202 1109 1240 sed
1129 1201 1288 1251 impune
1308 1209 1442 1239 tamen

120 1269 302 1307 deberem
324 1268 473 1307 dicere:
511 1281 592 1306 non
620 1274 735 1305 recte.
795 1279 888 1304 nam
916 1266 1011 1316 quid
1037 1266 1305 1315 adsequerere,
1327 1265 1358 1304 si
1377 1266 1442 1303 illa

120 1340 294 1371 extrema
315 1330 544 1370 defensione
573 1338 711 1378 uterer,
731 1331 924 1380 populum
950 1330 1059 1380 quod
1078 1328 1264 1368 voluisset
1289 1329 1438 1375 secisse,

119 1412 200 1438 non
220 1399 321 1448 quod
340 1396 569 1436 debuisset?

198 1463 284 1501 VII
333 1461 470 1510 Quid?
507 1461 540 1499 si
572 1461 709 1511 populi
742 1474 902 1512 quoque
930 1463 1077 1500 factum
1109 1461 1293 1509 defendo,
1329 1462 1441 1499 Late·
1461 1463 1509 1501 17

118 1527 254 1575 rensis,
276 1534 306 1566 et
326 1528 453 1565 doceo
483 1527 556 1566 Cn.
580 1527 784 1566 Plancium
811 1540 894 1566 non
919 1526 1138 1576 obrepsisse
1158 1528 1209 1565 ad
1236 1528 1438 1570 honorem,

120 1593 191 1632 sed
219 1599 268 1632 eo
290 1591 437 1630 venisse
466 1605 590 1639 cursu,
619 1591 687 1642 qui
715 1605 869 1642 semper
897 1592 1066 1642 patuerit
1093 1592 1319 1630 hominibus
1348 1592 1441 1630 ortis

119 1659 198 1697 hoc
230 1664 356 1695 nostro
387 1656 558 1706 equestri
594 1658 696 1705 loco,
731 1671 945 1708 possumne
975 1657 1122 1707 eripere
1156 1657 1322 1696 orationi
1352 1665 1441 1696 tuae

89 1735 100 1740 ·
121 1729 407 1762 contentonem
436 1729 620 1769 vestrum,
654 1735 757 1771 quae
789 1722 944 1760 tractari
974 1722 1058 1761 sine
1088 1723 1329 1761 contumelia
1359 1735 1441 1760 non

120 1795 263 1839 potest,
285 1794 315 1826 et
333 1795 372 1826 te
391 1788 443 1826 ad
462 1800 620 1826 causam
640 1787 852 1838 aliquando
871 1788 1099 1837 crimenque
1125 1788 1344 1826 deducere?
1398 1787 1439 1832 si,

121 1853 232 1903 quod
259 1850 392 1900 equitis
413 1850 585 1889 Romani
612 1850 714 1889 filius
743 1858 814 1897 est,
835 1850 994 1890 inferior
1021 1864 1106 1890 esse
1136 1852 1283 1899 debuit,
1304 1864 1442 1890 omnes

121 1925 253 1955 tecum
272 1913 444 1963 equitum
466 1915 739 1952 Romanorum
759 1914 827 1952 filii
846 1915 1077 1965 petiverunt.
1136 1914 1231 1953 nihil
1251 1915 1340 1954 dico
1360 1929 1441 1954 am-

122 1981 242 2032 plius:
263 1981 339 2017 hoc
366 1986 500 2017 tamen
528 1979 657 2028 miror,
681 1993 752 2018 cur
778 1980 870 2018 huic
898 1980 1146 2031 potissimum
1175 1981 1349 2028 irascare,
1376 1980 1442 2030 qui

71 2059 84 2067 “
124 2043 341 2095 longissime
367 2056 392 2081 a
418 2051 457 2082 te
480 2043 588 2083 afuit.
646 2044 843 2094 equidem,
865 2046 897 2083 si
923 2046 1095 2095 quando,
1117 2053 1161 2084 ut
1185 2047 1239 2094 fit,
1261 2045 1383 2084 iactor
1402 2045 1442 2083 in

123 2110 246 2156 turba,
262 2120 342 2145 non
370 2107 481 2145 illum
509 2120 663 2151 accuso,
684 2108 752 2157 qui
781 2116 840 2147 est
868 2108 908 2147 in
937 2122 1091 2147 summa
1119 2121 1227 2148 sacra
1254 2109 1327 2157 via,
1352 2123 1442 2148 cum

123 2186 197 2223 ego
217 2172 259 2211 ad
275 2171 440 2209 Fabium
460 2171 649 2211 fornicem
668 2171 858 2222 impellor,
875 2174 946 2211 sed
965 2187 1067 2221 eum,
1085 2173 1152 2223 qui
1172 2174 1211 2211 in
1231 2186 1294 2212 me
1313 2173 1440 2224 ipsum

122 2234 273 2275 incurrit
292 2240 410 2284 atque
429 2234 575 2274 incidit.
625 2243 667 2274 tu
687 2249 816 2286 neque
836 2236 885 2285 Q.
909 2237 1043 2284 Pedio,
1066 2237 1155 2276 sorti
1173 2236 1267 2284 viro,
1289 2250 1443 2277 suscen-
