1593 2488
146 94 178 129 4'
429 82 432 83 ⁷
489 83 550 122 M
587 86 762 124 TVLLI
801 86 1122 126 CICERONIS
1340 86 1470 140 [1118

144 168 226 216 tuit,
249 181 272 206 a
291 168 485 209 iudicibus
512 171 838 211 condemnandus
865 180 923 211 est
949 172 1016 222 qui
1042 174 1271 223 praeteritus
1295 188 1375 215 non
1398 183 1467 215 est.

143 246 233 271 nam
262 233 294 272 si
322 234 376 272 ita
403 242 515 282 esset,
547 237 656 286 quod
683 244 812 286 patres
837 238 943 287 apud
969 237 1136 277 maiores
1163 247 1318 278 nostros
1338 246 1471 279 tenere

142 309 223 334 non
267 304 489 346 potuerunt,
529 306 571 337 ut
617 301 916 348 reprehensores
961 308 1091 339 essent
1129 301 1391 348 comitiorum,
1429 302 1472 341 id

141 359 332 398 haberent
360 360 520 408 iudices,
551 363 612 400 vel
642 363 749 411 quod
778 364 902 401 multo
933 364 1049 402 etiam
1078 365 1207 404 minus
1231 374 1331 405 esset
1350 367 1472 405 feren-

141 424 260 470 dum3
297 432 379 462 tum
409 426 514 463 enim
544 426 811 475 magistratum
839 440 921 464 non
948 429 1108 476 gerebat
1134 428 1176 475 is,
1207 429 1275 479 qui
1302 438 1469 479 ceperat,

141 487 173 525 si
201 495 328 537 patres
354 496 533 526 auctores
560 502 639 527 non
669 497 778 527 erant
800 490 915 537 facti;
944 504 1050 528 nunc
1068 493 1286 541 postulatur
1305 506 1327 531 a
1345 493 1468 540 vobis,

140 559 184 590 ut
221 552 303 590 eius
343 552 473 600 exitio,
508 552 574 602 qui
612 560 763 591 creatus
801 553 860 601 sit,
899 554 1086 593 iudicium
1123 558 1259 606 populi
1298 558 1470 596 Romani

139 616 443 666 reprehendatis.
511 616 644 667 itaque
689 631 928 667 quamquam
966 632 1044 669 qua
1082 621 1191 660 nolui
1231 622 1348 660 ianua
1384 636 1469 661 sum

140 681 334 730 ingressus
362 681 403 719 in
430 695 599 728 causam,
631 695 784 731 sperare
812 682 948 721 videor
979 691 1131 722 tantum
1161 687 1353 724 afuturam
1386 699 1471 725 esse

141 745 358 790 orationem
389 759 518 784 meam
547 760 571 784 a
599 746 760 785 minima
788 747 1012 797 suspicione
1040 750 1266 789 offensionis
1298 758 1399 799 tuae,
1431 758 1470 790 te

140 817 184 848 ut
215 810 344 859 potius
378 810 591 859 obiurgem,
627 811 736 859 quod
773 810 952 860 iniquum
986 811 1026 849 in
1056 812 1266 851 discrimen
1297 815 1470 854 adducas

140 873 370 923 dignitatem
400 881 517 921 tuam,
546 887 664 923 quam
693 881 736 912 ut
765 887 852 912 eam
881 888 954 924 ego
982 876 1062 913 ulla
1089 877 1325 915 contumelia
1354 891 1472 917 coner

99 944 121 979 9
140 938 338 987 attingere.
397 939 458 975 IV
486 945 527 976 tu
557 937 854 986 continentiam,
884 946 927 977 tu
956 938 1199 987 industriam,
1224 948 1266 979 tu
1295 941 1470 980 animum

139 1003 181 1040 in
217 1016 298 1041 rem
329 1003 540 1052 publicam,
575 1011 617 1041 tu
650 1003 844 1051 virtutem,
877 1011 918 1042 tu
951 1004 1230 1053 innocentiam,
1263 1013 1306 1045 tu
1337 1007 1469 1054 fidem,

141 1074 182 1104 tu
197 1068 348 1105 labores
370 1075 467 1114 tuos,
486 1068 594 1117 quod
606 1068 743 1107 aedilis
764 1081 844 1106 non
865 1068 916 1107 sis
929 1070 1062 1117 factus,
1085 1071 1229 1108 fractos
1249 1083 1336 1109 esse
1356 1079 1393 1109 et
1406 1072 1470 1110 ab·

140 1131 261 1169 iectos
275 1139 313 1170 et
332 1132 555 1181 repudiatos
570 1135 712 1182 putas?
739 1132 830 1171 vide
843 1134 1014 1180 tandem,
1031 1134 1265 1182 Laterensis,
1280 1143 1468 1185 quantum

142 1208 213 1245 ego
233 1209 256 1233 a
276 1203 314 1233 te
340 1196 578 1234 dissentiam.
628 1196 670 1243 si,
692 1209 756 1234 me
777 1196 862 1234 dius
883 1197 1008 1243 fidius,
1031 1197 1169 1236 decem
1189 1198 1261 1236 soli
1280 1206 1410 1237 essent
1429 1199 1469 1237 in

141 1259 295 1297 civitate
324 1259 394 1296 viri
424 1259 532 1306 boni,
562 1259 770 1308 sapientes,
800 1259 900 1307 iusti,
929 1273 1076 1309 graves,
1107 1261 1174 1310 qui
1204 1269 1241 1300 te
1267 1261 1469 1312 indignum

139 1322 337 1361 aedilitate
367 1323 656 1371 iudicavissent,
690 1324 842 1373 gravius
875 1325 925 1362 de
955 1332 994 1363 te
1032 1325 1246 1363 iudicatum
1277 1333 1468 1375 putarem,

141 1400 259 1435 quam
287 1394 345 1425 est
373 1388 459 1434 hoc,
482 1389 592 1436 quod
621 1395 662 1425 tu
691 1388 833 1426 metuis
856 1401 907 1426 ne
927 1401 949 1426 a
969 1390 1116 1438 populo
1142 1389 1357 1427 iudicatum
1383 1403 1468 1428 esse
1488 1411 1501 1426 ρ

118 1450 327 1490 ‘videatun
384 1464 465 1489 non
493 1451 598 1490 enim
627 1451 794 1490 comitiis
826 1452 973 1490 iudicat
1003 1466 1158 1502 semper
1187 1455 1368 1503 populus,
1399 1455 1468 1493 sed

141 1523 319 1553 movetur
355 1517 584 1565 plerumque
621 1516 754 1565 gratia,
799 1517 904 1554 cedit
941 1517 1148 1566 precibus;
1200 1518 1290 1557 facit
1328 1532 1405 1566 eos,
1446 1533 1468 1557 a

141 1580 282 1629 quibus
310 1587 368 1618 est
393 1580 563 1618 maxime
590 1579 785 1627 ambitus3
814 1580 997 1629 denique,
1020 1581 1137 1619 etiam
1157 1582 1188 1620 si
1209 1582 1364 1628 iudicat,
1388 1597 1468 1621 non

140 1644 285 1682 dilectu
313 1644 446 1694 aliquo
472 1652 537 1683 aut
563 1645 753 1694 sapientia
780 1645 935 1683 ducitur
954 1647 1005 1683 ad
1025 1646 1290 1694 iudicandum,
1312 1649 1381 1685 sed
1402 1648 1468 1685 im-

139 1717 232 1759 petu
257 1722 555 1758 nonnumquam
583 1717 621 1748 et
651 1711 824 1759 quadam
855 1710 970 1748 etiam
998 1711 1224 1750 temeritate.
1296 1725 1376 1751 non
1410 1720 1468 1750 est
1487 1735 1499 1751 2

140 1772 244 1809 enim
265 1773 471 1810 consilium
490 1773 530 1810 in
550 1775 677 1822 volgo,
701 1786 782 1811 non
802 1773 911 1820 ratio,
934 1787 1014 1811 non
1038 1774 1257 1822 discrimen,
1280 1788 1360 1813 non
1386 1775 1468 1814 dili-

140 1836 288 1887 gentia,
311 1850 541 1886 semperque
554 1838 749 1887 sapientes
763 1850 818 1885 ea,
829 1851 929 1887 quae
942 1840 1110 1887 populus
1123 1840 1286 1888 fecisset,
1296 1841 1466 1887 ferenda,

139 1913 221 1938 non
255 1913 408 1949 semper
435 1902 635 1939 laudanda
663 1902 867 1939 duxerunt.
936 1914 1014 1950 qua
1041 1915 1081 1940 re
1110 1915 1200 1940 cum
1228 1910 1266 1941 te
1299 1905 1466 1943 aedilem

140 1964 222 2002 fieri
253 1964 471 2013 oportuisse
499 1964 608 2011 dicis,
639 1965 774 2014 populi
803 1966 971 2014 culpam,
1002 1978 1082 2003 non
1113 1966 1379 2016 competitoris
1406 1981 1467 2006 ac-

73 2032 121 2069 10
143 2041 264 2066 cusas.
309 2036 352 2066 ut
372 2028 487 2067 fueris
507 2029 661 2078 dignior
681 2042 799 2079 quam
820 2029 1109 2068 Plancius—de
1130 2043 1210 2079 quo
1229 2031 1316 2080 ipso
1335 2039 1465 2070 tecum
1484 2051 1498 2075 3

141 2091 195 2130 ita
214 2093 451 2130 contendam
471 2094 587 2142 paulo
608 2101 707 2142 post,
729 2101 771 2131 ut
797 2106 1027 2132 conservem
1054 2094 1282 2143 dignitatem
1303 2103 1466 2134 tuam—

141 2157 212 2195 sed
239 2165 281 2195 ut
308 2157 424 2196 fueris
449 2158 614 2208 dignior,
639 2171 720 2196 non
749 2158 994 2207 competitor,
1015 2170 1039 2195 a
1063 2171 1142 2207 quo
1169 2172 1209 2197 es
1235 2159 1371 2208 victus,
1393 2162 1464 2201 sed

139 2221 320 2270 populus,
341 2233 365 2259 a
389 2233 469 2271 quo
494 2233 536 2261 es
567 2220 809 2271 praeteritus,
837 2221 878 2259 in
909 2222 1024 2272 culpa
1055 2229 1134 2261 est„
1181 2221 1223 2260 in
1254 2235 1333 2273 quo
1363 2222 1463 2263 illud

1490 771 1522 788 10
