<?xml version="1.0" encoding="UTF-8"?>
<!DOCTYPE html PUBLIC "-//W3C//DTD XHTML 1.0 Transitional//EN"
    "http://www.w3.org/TR/xhtml1/DTD/xhtml1-transitional.dtd">
<html xmlns="http://www.w3.org/1999/xhtml" xml:lang="en" lang="en">
 <head>
  <title>
</title>
<meta http-equiv="Content-Type" content="text/html;charset=utf-8" />
  <meta name='ocr-system' content='tesseract 3.04.00' />
  <meta name='ocr-capabilities' content='ocr_page ocr_carea ocr_par ocr_line ocrx_word'/>
</head>
<body>
  <div class='ocr_page' id='page_1' title='image "./prognaeoplancioo00ciceuoft/prognaeoplancioo00ciceuoft_0329.png"; bbox 0 0 1593 2488; ppageno 0'>
   <div class='ocr_carea' id='block_1_1' title="bbox 622 85 1410 123">
    <p class='ocr_par' dir='ltr' id='par_1_1' title="bbox 622 85 1410 123">
     <span class='ocr_line' id='line_1_1' title="bbox 622 85 1410 123; baseline 0.001 -1"><span class='ocrx_word' id='word_1_1' title='bbox 622 85 824 123; x_wconf 82' lang='lat' dir='ltr'><em>INDEX</em></span> <span class='ocrx_word' id='word_1_2' title='bbox 857 86 890 123; x_wconf 86' lang='lat' dir='ltr'><em>J</em></span> <span class='ocrx_word' id='word_1_3' title='bbox 1340 98 1410 123; x_wconf 83' lang='lat'>221</span> 
     </span>
    </p>
   </div>
   <div class='ocr_carea' id='block_1_2' title="bbox 78 168 1418 2095">
    <p class='ocr_par' dir='ltr' id='par_1_2' title="bbox 129 168 1415 318">
     <span class='ocr_line' id='line_1_2' title="bbox 130 168 1415 209; baseline -0.001 -8"><span class='ocrx_word' id='word_1_4' title='bbox 130 169 213 201; x_wconf 88' lang='lat' dir='ltr'>simo</span> <span class='ocrx_word' id='word_1_5' title='bbox 229 174 260 201; x_wconf 87' lang='lat' dir='ltr'>et</span> <span class='ocrx_word' id='word_1_6' title='bbox 277 169 457 201; x_wconf 84' lang='lat' dir='ltr'>clarissimo</span> <span class='ocrx_word' id='word_1_7' title='bbox 474 169 536 201; x_wconf 89' lang='lat' dir='ltr'>civi</span> <span class='ocrx_word' id='word_1_8' title='bbox 555 169 608 209; x_wconf 88' lang='lat' dir='ltr'>(cf.</span> <span class='ocrx_word' id='word_1_9' title='bbox 623 169 712 201; x_wconf 82' lang='lat' dir='ltr'><strong>Brut.</strong></span> <span class='ocrx_word' id='word_1_10' title='bbox 733 170 749 208; x_wconf 69' lang='grc' dir='ltr'><strong>ἓ</strong></span> <span class='ocrx_word' id='word_1_11' title='bbox 775 168 846 209; x_wconf 89' lang='grc'><strong>167)</strong></span> <span class='ocrx_word' id='word_1_12' title='bbox 863 169 978 201; x_wconf 85' lang='lat' dir='ltr'>aedilis</span> <span class='ocrx_word' id='word_1_13' title='bbox 994 180 1060 201; x_wconf 88' lang='lat' dir='ltr'>non</span> <span class='ocrx_word' id='word_1_14' title='bbox 1077 174 1124 201; x_wconf 86' lang='lat' dir='ltr'>est</span> <span class='ocrx_word' id='word_1_15' title='bbox 1146 170 1250 201; x_wconf 87' lang='lat' dir='ltr'>sactus</span> <span class='ocrx_word' id='word_1_16' title='bbox 1277 174 1309 200; x_wconf 86' lang='lat' dir='ltr'>et</span> <span class='ocrx_word' id='word_1_17' title='bbox 1329 170 1415 201; x_wconf 88' lang='lat' dir='ltr'>idem</span> 
     </span>
     <span class='ocr_line' id='line_1_3' title="bbox 129 221 1413 264; baseline 0.001 -10"><span class='ocrx_word' id='word_1_18' title='bbox 129 223 200 254; x_wconf 89' lang='lat' dir='ltr'>sine</span> <span class='ocrx_word' id='word_1_19' title='bbox 222 223 350 264; x_wconf 87' lang='lat' dir='ltr'>repulsa</span> <span class='ocrx_word' id='word_1_20' title='bbox 372 223 475 254; x_wconf 82' lang='lat' dir='ltr'>sactus</span> <span class='ocrx_word' id='word_1_21' title='bbox 498 228 546 254; x_wconf 88' lang='lat' dir='ltr'>est</span> <span class='ocrx_word' id='word_1_22' title='bbox 571 223 694 261; x_wconf 87' lang='lat' dir='ltr'>consul,</span> <span class='ocrx_word' id='word_1_23' title='bbox 714 228 845 264; x_wconf 81' lang='lat' dir='ltr'>praetor</span> <span class='ocrx_word' id='word_1_24' title='bbox 860 233 890 253; x_wconf 88' lang='lat' dir='ltr'>a.</span> <span class='ocrx_word' id='word_1_25' title='bbox 908 224 959 264; x_wconf 87' lang='lat'>89,</span> <span class='ocrx_word' id='word_1_26' title='bbox 979 228 1092 254; x_wconf 85' lang='lat' dir='ltr'>senatu</span> <span class='ocrx_word' id='word_1_27' title='bbox 1109 229 1216 254; x_wconf 82' lang='lat' dir='ltr'>motus</span> <span class='ocrx_word' id='word_1_28' title='bbox 1232 234 1258 254; x_wconf 83' lang='lat' dir='ltr'>a.</span> <span class='ocrx_word' id='word_1_29' title='bbox 1277 221 1328 262; x_wconf 90' lang='lat'>86,</span> <span class='ocrx_word' id='word_1_30' title='bbox 1347 234 1413 255; x_wconf 86' lang='lat' dir='ltr'>cos.</span> 
     </span>
     <span class='ocr_line' id='line_1_4' title="bbox 130 274 1136 318; baseline 0 -11"><span class='ocrx_word' id='word_1_31' title='bbox 130 287 158 307; x_wconf 88' lang='lat' dir='ltr'>a.</span> <span class='ocrx_word' id='word_1_32' title='bbox 178 284 235 318; x_wconf 83' lang='lat'>793</span> <span class='ocrx_word' id='word_1_33' title='bbox 257 277 290 307; x_wconf 91' lang='lat' dir='ltr'>in</span> <span class='ocrx_word' id='word_1_34' title='bbox 307 277 504 308; x_wconf 89' lang='lat' dir='ltr'>Macedonia</span> <span class='ocrx_word' id='word_1_35' title='bbox 518 276 666 307; x_wconf 87' lang='lat' dir='ltr'>barbaris</span> <span class='ocrx_word' id='word_1_36' title='bbox 682 276 775 307; x_wconf 86' lang='lat' dir='ltr'>victis</span> <span class='ocrx_word' id='word_1_37' title='bbox 791 287 835 306; x_wconf 88' lang='lat' dir='ltr'>m.</span> <span class='ocrx_word' id='word_1_38' title='bbox 853 281 901 307; x_wconf 87' lang='lat' dir='ltr'>est</span> <span class='ocrx_word' id='word_1_39' title='bbox 917 287 945 308; x_wconf 90' lang='lat' dir='ltr'>a.</span> <span class='ocrx_word' id='word_1_40' title='bbox 966 274 1014 315; x_wconf 84' lang='lat'>76,</span> <span class='ocrx_word' id='word_1_41' title='bbox 1036 276 1075 306; x_wconf 88' lang='lat'>51</span> <span class='ocrx_word' id='word_1_42' title='bbox 1095 285 1136 314; x_wconf 81' lang='lat'>30</span> 
     </span>
    </p>

    <p class='ocr_par' dir='ltr' id='par_1_3' title="bbox 90 328 1417 477">
     <span class='ocr_line' id='line_1_5' title="bbox 90 328 1417 372; baseline 0 -12"><span class='ocrx_word' id='word_1_43' title='bbox 90 330 193 361; x_wconf 87' lang='lat' dir='ltr'>Caius</span> <span class='ocrx_word' id='word_1_44' title='bbox 215 330 379 366; x_wconf 84' lang='lat' dir='ltr'>Claudius,</span> <span class='ocrx_word' id='word_1_45' title='bbox 404 335 498 371; x_wconf 88' lang='lat' dir='ltr'>pater</span> <span class='ocrx_word' id='word_1_46' title='bbox 521 330 624 371; x_wconf 86' lang='lat' dir='ltr'>Appii</span> <span class='ocrx_word' id='word_1_47' title='bbox 641 330 771 361; x_wconf 80' lang='lat' dir='ltr'>Claudii</span> <span class='ocrx_word' id='word_1_48' title='bbox 795 329 937 365; x_wconf 87' lang='lat' dir='ltr'>Pulchri,</span> <span class='ocrx_word' id='word_1_49' title='bbox 955 329 994 359; x_wconf 87' lang='grc'>51</span> <span class='ocrx_word' id='word_1_50' title='bbox 1014 338 1063 367; x_wconf 80' lang='lat'>32,</span> <span class='ocrx_word' id='word_1_51' title='bbox 1080 329 1139 362; x_wconf 71' lang='lat' dir='ltr'>uhi:</span> <span class='ocrx_word' id='word_1_52' title='bbox 1159 328 1335 369; x_wconf 73' lang='lat' dir='ltr'>autfiutre</span> <span class='ocrx_word' id='word_1_53' title='bbox 1357 340 1417 372; x_wconf 84' lang='lat' dir='ltr'>pro</span> 
     </span>
     <span class='ocr_line' id='line_1_6' title="bbox 121 383 1416 424; baseline 0.002 -12"><span class='ocrx_word' id='word_1_54' title='bbox 121 387 220 424; x_wconf 79' lang='lat' dir='ltr'>patre</span> <span class='ocrx_word' id='word_1_55' title='bbox 238 383 412 423; x_wconf 81' lang='lat' dir='ltr'>legendum</span> <span class='ocrx_word' id='word_1_56' title='bbox 439 393 512 414; x_wconf 88' lang='lat' dir='ltr'>cum</span> <span class='ocrx_word' id='word_1_57' title='bbox 539 383 718 423; x_wconf 78' lang='lat' dir='ltr'>Borghesio</span> <span class='ocrx_word' id='word_1_58' title='bbox 742 384 777 412; x_wconf 82' lang='lat' dir='ltr'>in</span> <span class='ocrx_word' id='word_1_59' title='bbox 805 383 958 413; x_wconf 74' lang='lat' dir='ltr'>Giornale</span> <span class='ocrx_word' id='word_1_60' title='bbox 982 383 1141 413; x_wconf 76' lang='lat' dir='ltr'>Arcadico</span> <span class='ocrx_word' id='word_1_61' title='bbox 1163 383 1247 413; x_wconf 56' lang='grc' dir='ltr'>Λὶψ.</span> <span class='ocrx_word' id='word_1_62' title='bbox 1279 383 1357 422; x_wconf 84' lang='lat'>1825</span> <span class='ocrx_word' id='word_1_63' title='bbox 1382 393 1416 424; x_wconf 88' lang='lat' dir='ltr'>p.</span> 
     </span>
     <span class='ocr_line' id='line_1_7' title="bbox 130 436 1098 477; baseline -0.001 -10"><span class='ocrx_word' id='word_1_64' title='bbox 130 445 191 477; x_wconf 75' lang='lat'>234</span> <span class='ocrx_word' id='word_1_65' title='bbox 208 440 263 467; x_wconf 89' lang='lat' dir='ltr'>aut</span> <span class='ocrx_word' id='word_1_66' title='bbox 279 437 364 477; x_wconf 75' lang='lat' dir='ltr'>App.</span> <span class='ocrx_word' id='word_1_67' title='bbox 382 447 442 477; x_wconf 83' lang='lat' dir='ltr'>pro</span> <span class='ocrx_word' id='word_1_68' title='bbox 462 437 498 467; x_wconf 85' lang='lat' dir='ltr'>C.</span> <span class='ocrx_word' id='word_1_69' title='bbox 524 442 632 467; x_wconf 85' lang='lat' dir='ltr'>censet</span> <span class='ocrx_word' id='word_1_70' title='bbox 649 436 793 468; x_wconf 85' lang='lat' dir='ltr'>Orellius</span> <span class='ocrx_word' id='word_1_71' title='bbox 813 436 927 467; x_wconf 82' lang='lat' dir='ltr'>Onom.</span> <span class='ocrx_word' id='word_1_72' title='bbox 944 446 976 477; x_wconf 89' lang='lat' dir='ltr'>p.</span> <span class='ocrx_word' id='word_1_73' title='bbox 1001 444 1060 475; x_wconf 85' lang='lat'>150</span> <span class='ocrx_word' id='word_1_74' title='bbox 1076 436 1098 466; x_wconf 96' lang='lat' dir='ltr'><strong>b</strong></span> 
     </span>
    </p>

    <p class='ocr_par' dir='ltr' id='par_1_4' title="bbox 85 489 1417 693">
     <span class='ocr_line' id='line_1_8' title="bbox 85 489 1417 532; baseline 0.001 -12"><span class='ocrx_word' id='word_1_75' title='bbox 85 489 138 520; x_wconf 85' lang='lat' dir='ltr'>M.</span> <span class='ocrx_word' id='word_1_76' title='bbox 163 489 323 521; x_wconf 76' lang='lat' dir='ltr'>Claudius</span> <span class='ocrx_word' id='word_1_77' title='bbox 345 490 533 527; x_wconf 73' lang='lat' dir='ltr'>Marcellus,</span> <span class='ocrx_word' id='word_1_78' title='bbox 563 490 758 531; x_wconf 77' lang='lat' dir='ltr'>quinquiens</span> <span class='ocrx_word' id='word_1_79' title='bbox 782 489 894 520; x_wconf 86' lang='lat' dir='ltr'>consul</span> <span class='ocrx_word' id='word_1_80' title='bbox 919 489 979 521; x_wconf 83' lang='lat' dir='ltr'>fuit</span> <span class='ocrx_word' id='word_1_81' title='bbox 1003 500 1036 521; x_wconf 88' lang='lat' dir='ltr'>a.</span> <span class='ocrx_word' id='word_1_82' title='bbox 1062 491 1240 528; x_wconf 78' lang='lat'>222——208‚</span> <span class='ocrx_word' id='word_1_83' title='bbox 1272 490 1417 532; x_wconf 76' lang='lat' dir='ltr'>‘gladius</span> 
     </span>
     <span class='ocr_line' id='line_1_9' title="bbox 129 543 1417 586; baseline 0.002 -12"><span class='ocrx_word' id='word_1_84' title='bbox 129 543 373 575; x_wconf 88' lang='lat' dir='ltr'>Romanorum’</span> <span class='ocrx_word' id='word_1_85' title='bbox 404 544 616 585; x_wconf 82' lang='lat' dir='ltr'>triumphavit</span> <span class='ocrx_word' id='word_1_86' title='bbox 647 545 688 575; x_wconf 85' lang='lat' dir='ltr'>(le</span> <span class='ocrx_word' id='word_1_87' title='bbox 716 544 821 575; x_wconf 84' lang='lat' dir='ltr'>Gallis</span> <span class='ocrx_word' id='word_1_88' title='bbox 849 544 1052 582; x_wconf 77' lang='lat' dir='ltr'>InsubribuS‚</span> <span class='ocrx_word' id='word_1_89' title='bbox 1079 544 1305 576; x_wconf 89' lang='lat' dir='ltr'>Hannibalem</span> <span class='ocrx_word' id='word_1_90' title='bbox 1328 545 1417 586; x_wconf 88' lang='lat' dir='ltr'>apud</span> 
     </span>
     <span class='ocr_line' id='line_1_10' title="bbox 127 599 1416 641; baseline 0 -11"><span class='ocrx_word' id='word_1_91' title='bbox 127 599 252 630; x_wconf 91' lang='lat' dir='ltr'>Nolam</span> <span class='ocrx_word' id='word_1_92' title='bbox 268 600 379 641; x_wconf 84' lang='lat' dir='ltr'>sugere</span> <span class='ocrx_word' id='word_1_93' title='bbox 394 601 500 640; x_wconf 81' lang='lat' dir='ltr'><strong>coegit</strong></span> <span class='ocrx_word' id='word_1_94' title='bbox 517 611 545 630; x_wconf 91' lang='lat' dir='ltr'>a.</span> <span class='ocrx_word' id='word_1_95' title='bbox 566 599 639 636; x_wconf 82' lang='lat'>216,</span> <span class='ocrx_word' id='word_1_96' title='bbox 658 601 834 640; x_wconf 77' lang='lat' dir='ltr'>Syracusas</span> <span class='ocrx_word' id='word_1_97' title='bbox 851 599 938 641; x_wconf 81' lang='lat' dir='ltr'>cepit</span> <span class='ocrx_word' id='word_1_98' title='bbox 954 609 981 630; x_wconf 89' lang='lat' dir='ltr'>a.</span> <span class='ocrx_word' id='word_1_99' title='bbox 1005 610 1078 637; x_wconf 82' lang='lat'>212,</span> <span class='ocrx_word' id='word_1_100' title='bbox 1102 600 1228 641; x_wconf 88' lang='lat' dir='ltr'>proelio</span> <span class='ocrx_word' id='word_1_101' title='bbox 1244 601 1286 631; x_wconf 90' lang='lat' dir='ltr'>ad</span> <span class='ocrx_word' id='word_1_102' title='bbox 1307 600 1416 631; x_wconf 86' lang='lat' dir='ltr'>Venu-</span> 
     </span>
     <span class='ocr_line' id='line_1_11' title="bbox 128 652 1309 693; baseline 0.001 -10"><span class='ocrx_word' id='word_1_103' title='bbox 128 652 209 683; x_wconf 85' lang='lat' dir='ltr'>siam</span> <span class='ocrx_word' id='word_1_104' title='bbox 227 652 400 683; x_wconf 88' lang='lat' dir='ltr'>commisso</span> <span class='ocrx_word' id='word_1_105' title='bbox 417 654 458 683; x_wconf 90' lang='lat' dir='ltr'>ab</span> <span class='ocrx_word' id='word_1_106' title='bbox 478 653 667 684; x_wconf 81' lang='lat' dir='ltr'>Hannibale</span> <span class='ocrx_word' id='word_1_107' title='bbox 684 653 921 684; x_wconf 81' lang='lat' dir='ltr'>circumventus</span> <span class='ocrx_word' id='word_1_108' title='bbox 937 653 1055 684; x_wconf 85' lang='lat' dir='ltr'>cecidit</span> <span class='ocrx_word' id='word_1_109' title='bbox 1071 663 1101 683; x_wconf 89' lang='lat' dir='ltr'>a.</span> <span class='ocrx_word' id='word_1_110' title='bbox 1120 654 1192 689; x_wconf 81' lang='lat'>208,</span> <span class='ocrx_word' id='word_1_111' title='bbox 1211 653 1252 684; x_wconf 88' lang='grc'>60</span> <span class='ocrx_word' id='word_1_112' title='bbox 1268 663 1309 693; x_wconf 81' lang='lat'>30</span> 
     </span>
    </p>

    <p class='ocr_par' dir='ltr' id='par_1_5' title="bbox 88 707 1340 749">
     <span class='ocr_line' id='line_1_12' title="bbox 88 707 1340 749; baseline 0.002 -12"><span class='ocrx_word' id='word_1_113' title='bbox 88 707 295 738; x_wconf 82' lang='lat' dir='ltr'><em>Clustumina</em></span> <span class='ocrx_word' id='word_1_114' title='bbox 311 707 414 738; x_wconf 73' lang='lat' dir='ltr'>tribus</span> <span class='ocrx_word' id='word_1_115' title='bbox 430 718 449 738; x_wconf 88' lang='lat' dir='ltr'>a</span> <span class='ocrx_word' id='word_1_116' title='bbox 468 708 646 738; x_wconf 71' lang='lat' dir='ltr'>Clustumia</span> <span class='ocrx_word' id='word_1_117' title='bbox 662 718 686 739; x_wconf 92' lang='lat' dir='ltr'>s.</span> <span class='ocrx_word' id='word_1_118' title='bbox 707 708 894 739; x_wconf 83' lang='lat' dir='ltr'>Cruslumio</span> <span class='ocrx_word' id='word_1_119' title='bbox 911 707 1108 739; x_wconf 88' lang='lat' dir='ltr'>Sabinorum</span> <span class='ocrx_word' id='word_1_120' title='bbox 1124 708 1249 749; x_wconf 89' lang='lat' dir='ltr'>oppido</span> <span class='ocrx_word' id='word_1_121' title='bbox 1266 709 1307 738; x_wconf 82' lang='lat'>38</span> <span class='ocrx_word' id='word_1_122' title='bbox 1321 709 1340 739; x_wconf 90' lang='lat'>8</span> 
     </span>
    </p>

    <p class='ocr_par' dir='ltr' id='par_1_6' title="bbox 90 763 1417 911">
     <span class='ocr_line' id='line_1_13' title="bbox 90 763 1417 804; baseline 0 -10"><span class='ocrx_word' id='word_1_123' title='bbox 90 763 149 794; x_wconf 87' lang='lat' dir='ltr'>Cn.</span> <span class='ocrx_word' id='word_1_124' title='bbox 170 767 199 793; x_wconf 83' lang='lat' dir='ltr'>et</span> <span class='ocrx_word' id='word_1_125' title='bbox 216 763 257 794; x_wconf 80' lang='lat' dir='ltr'>P.</span> <span class='ocrx_word' id='word_1_126' title='bbox 286 763 430 794; x_wconf 70' lang='lat' dir='ltr'>Cornelii</span> <span class='ocrx_word' id='word_1_127' title='bbox 448 763 608 804; x_wconf 62' lang='lat' dir='ltr'>Scipiones</span> <span class='ocrx_word' id='word_1_128' title='bbox 631 763 754 798; x_wconf 79' lang='lat' dir='ltr'>fratres,</span> <span class='ocrx_word' id='word_1_129' title='bbox 781 773 862 794; x_wconf 61' lang='lat' dir='ltr'>r*oss</span> <span class='ocrx_word' id='word_1_130' title='bbox 887 773 915 795; x_wconf 87' lang='lat' dir='ltr'>a.</span> <span class='ocrx_word' id='word_1_131' title='bbox 943 772 1002 793; x_wconf 80' lang='lat'>222</span> <span class='ocrx_word' id='word_1_132' title='bbox 1025 768 1057 794; x_wconf 90' lang='lat' dir='ltr'>et</span> <span class='ocrx_word' id='word_1_133' title='bbox 1079 764 1167 802; x_wconf 82' lang='lat'><em>(218)</em></span> <span class='ocrx_word' id='word_1_134' title='bbox 1191 763 1258 795; x_wconf 90' lang='lat' dir='ltr'>duo</span> <span class='ocrx_word' id='word_1_135' title='bbox 1280 763 1417 794; x_wconf 83' lang='lat' dir='ltr'>fulmina</span> 
     </span>
     <span class='ocr_line' id='line_1_14' title="bbox 127 814 1416 856; baseline 0.001 -10"><span class='ocrx_word' id='word_1_136' title='bbox 127 814 255 856; x_wconf 87' lang='lat' dir='ltr'>imperii</span> <span class='ocrx_word' id='word_1_137' title='bbox 286 815 437 853; x_wconf 85' lang='lat' dir='ltr'>Romani,</span> <span class='ocrx_word' id='word_1_138' title='bbox 466 815 531 846; x_wconf 89' lang='lat' dir='ltr'>duo</span> <span class='ocrx_word' id='word_1_139' title='bbox 563 815 810 856; x_wconf 79' lang='lat' dir='ltr'>propugnacula</span> <span class='ocrx_word' id='word_1_140' title='bbox 841 815 918 846; x_wconf 87' lang='lat' dir='ltr'>belli</span> <span class='ocrx_word' id='word_1_141' title='bbox 952 816 1076 851; x_wconf 90' lang='lat' dir='ltr'>Punici,</span> <span class='ocrx_word' id='word_1_142' title='bbox 1109 816 1208 847; x_wconf 90' lang='lat' dir='ltr'>ambo</span> <span class='ocrx_word' id='word_1_143' title='bbox 1239 827 1269 847; x_wconf 88' lang='lat' dir='ltr'>a.</span> <span class='ocrx_word' id='word_1_144' title='bbox 1293 826 1354 847; x_wconf 81' lang='lat'>212</span> <span class='ocrx_word' id='word_1_145' title='bbox 1383 817 1416 847; x_wconf 87' lang='lat' dir='ltr'>in</span> 
     </span>
     <span class='ocr_line' id='line_1_15' title="bbox 129 868 1367 911; baseline 0 -13"><span class='ocrx_word' id='word_1_146' title='bbox 129 868 293 910; x_wconf 81' lang='lat' dir='ltr'>Hispania</span> <span class='ocrx_word' id='word_1_147' title='bbox 308 879 328 899; x_wconf 92' lang='lat' dir='ltr'>a</span> <span class='ocrx_word' id='word_1_148' title='bbox 344 869 462 900; x_wconf 78' lang='lat' dir='ltr'>Poenis</span> <span class='ocrx_word' id='word_1_149' title='bbox 479 869 577 900; x_wconf 87' lang='lat' dir='ltr'>occisi</span> <span class='ocrx_word' id='word_1_150' title='bbox 595 875 668 900; x_wconf 84' lang='lat' dir='ltr'>sunt</span> <span class='ocrx_word' id='word_1_151' title='bbox 685 869 726 900; x_wconf 80' lang='lat'>60</span> <span class='ocrx_word' id='word_1_152' title='bbox 743 879 794 910; x_wconf 78' lang='lat'>29·</span> <span class='ocrx_word' id='word_1_153' title='bbox 840 869 882 899; x_wconf 94' lang='lat' dir='ltr'>V.</span> <span class='ocrx_word' id='word_1_154' title='bbox 903 869 1050 900; x_wconf 78' lang='lat' dir='ltr'>Stemma</span> <span class='ocrx_word' id='word_1_155' title='bbox 1067 869 1258 910; x_wconf 87' lang='lat' dir='ltr'>Scipionum</span> <span class='ocrx_word' id='word_1_156' title='bbox 1274 879 1307 911; x_wconf 88' lang='lat' dir='ltr'>p.</span> <span class='ocrx_word' id='word_1_157' title='bbox 1325 879 1367 910; x_wconf 81' lang='lat'>94</span> 
     </span>
    </p>

    <p class='ocr_par' dir='ltr' id='par_1_7' title="bbox 88 922 1418 1073">
     <span class='ocr_line' id='line_1_16' title="bbox 88 922 1417 965; baseline 0.001 -12"><span class='ocrx_word' id='word_1_158' title='bbox 88 923 217 953; x_wconf 81' lang='lat' dir='ltr'>Gnaeus</span> <span class='ocrx_word' id='word_1_159' title='bbox 250 923 417 954; x_wconf 79' lang='lat' dir='ltr'>Cornelius</span> <span class='ocrx_word' id='word_1_160' title='bbox 446 923 551 964; x_wconf 70' lang='lat' dir='ltr'>Scipio</span> <span class='ocrx_word' id='word_1_161' title='bbox 579 924 620 954; x_wconf 89' lang='lat' dir='ltr'>L.</span> <span class='ocrx_word' id='word_1_162' title='bbox 638 923 673 965; x_wconf 88' lang='lat' dir='ltr'>f.</span> <span class='ocrx_word' id='word_1_163' title='bbox 708 923 841 961; x_wconf 81' lang='lat' dir='ltr'>Calvus,</span> <span class='ocrx_word' id='word_1_164' title='bbox 873 923 930 964; x_wconf 89' lang='lat' dir='ltr'>qui</span> <span class='ocrx_word' id='word_1_165' title='bbox 956 933 1030 954; x_wconf 89' lang='lat' dir='ltr'>cum</span> <span class='ocrx_word' id='word_1_166' title='bbox 1060 922 1157 954; x_wconf 84' lang='lat' dir='ltr'>fratre</span> <span class='ocrx_word' id='word_1_167' title='bbox 1188 923 1221 954; x_wconf 93' lang='lat' dir='ltr'>in</span> <span class='ocrx_word' id='word_1_168' title='bbox 1253 923 1417 964; x_wconf 89' lang='lat' dir='ltr'>Hispania</span> 
     </span>
     <span class='ocr_line' id='line_1_17' title="bbox 127 976 1418 1019; baseline 0 -11"><span class='ocrx_word' id='word_1_169' title='bbox 127 976 446 1017; x_wconf 77' lang='lat' dir='ltr'>Carthaginiensium</span> <span class='ocrx_word' id='word_1_170' title='bbox 464 977 575 1008; x_wconf 85' lang='lat' dir='ltr'>fraude</span> <span class='ocrx_word' id='word_1_171' title='bbox 591 977 805 1018; x_wconf 87' lang='lat' dir='ltr'>interemptus</span> <span class='ocrx_word' id='word_1_172' title='bbox 822 982 880 1013; x_wconf 83' lang='lat' dir='ltr'>est,</span> <span class='ocrx_word' id='word_1_173' title='bbox 892 987 957 1008; x_wconf 90' lang='lat' dir='ltr'>cos.</span> <span class='ocrx_word' id='word_1_174' title='bbox 970 987 998 1007; x_wconf 89' lang='lat' dir='ltr'>a.</span> <span class='ocrx_word' id='word_1_175' title='bbox 1014 987 1086 1014; x_wconf 78' lang='lat'><strong>222,</strong></span> <span class='ocrx_word' id='word_1_176' title='bbox 1099 983 1191 1018; x_wconf 86' lang='lat' dir='ltr'>pater</span> <span class='ocrx_word' id='word_1_177' title='bbox 1205 978 1241 1008; x_wconf 93' lang='lat' dir='ltr'>P.</span> <span class='ocrx_word' id='word_1_178' title='bbox 1254 977 1418 1019; x_wconf 87' lang='lat' dir='ltr'>Scipionis</span> 
     </span>
     <span class='ocr_line' id='line_1_18' title="bbox 125 1030 987 1073; baseline -0.002 -10"><span class='ocrx_word' id='word_1_179' title='bbox 125 1031 268 1063; x_wconf 83' lang='lat' dir='ltr'>Nasicae</span> <span class='ocrx_word' id='word_1_180' title='bbox 283 1031 340 1073; x_wconf 88' lang='lat' dir='ltr'>qui</span> <span class='ocrx_word' id='word_1_181' title='bbox 355 1031 404 1062; x_wconf 91' lang='lat' dir='ltr'>vir</span> <span class='ocrx_word' id='word_1_182' title='bbox 417 1032 559 1073; x_wconf 86' lang='lat' dir='ltr'>optimus</span> <span class='ocrx_word' id='word_1_183' title='bbox 575 1031 735 1063; x_wconf 90' lang='lat' dir='ltr'>iudicatus</span> <span class='ocrx_word' id='word_1_184' title='bbox 752 1036 800 1063; x_wconf 90' lang='lat' dir='ltr'>est</span> <span class='ocrx_word' id='word_1_185' title='bbox 817 1030 858 1062; x_wconf 88' lang='lat'>60</span> <span class='ocrx_word' id='word_1_186' title='bbox 875 1042 925 1069; x_wconf 86' lang='lat'>24,</span> <span class='ocrx_word' id='word_1_187' title='bbox 947 1041 987 1073; x_wconf 83' lang='lat'>29</span> 
     </span>
    </p>

    <p class='ocr_par' dir='ltr' id='par_1_8' title="bbox 82 1085 1414 1232">
     <span class='ocr_line' id='line_1_19' title="bbox 82 1085 1414 1127; baseline -0.001 -10"><span class='ocrx_word' id='word_1_188' title='bbox 82 1086 122 1117; x_wconf 83' lang='lat' dir='ltr'>P.</span> <span class='ocrx_word' id='word_1_189' title='bbox 150 1085 318 1117; x_wconf 78' lang='lat' dir='ltr'>Cornelius</span> <span class='ocrx_word' id='word_1_190' title='bbox 339 1086 443 1127; x_wconf 67' lang='lat' dir='ltr'>Sciffl&#39;o</span> <span class='ocrx_word' id='word_1_191' title='bbox 464 1085 648 1126; x_wconf 80' lang='lat' dir='ltr'>Africanus</span> <span class='ocrx_word' id='word_1_192' title='bbox 670 1086 786 1122; x_wconf 80' lang='lat' dir='ltr'>maior,</span> <span class='ocrx_word' id='word_1_193' title='bbox 812 1085 896 1116; x_wconf 79' lang='lat' dir='ltr'>filius</span> <span class='ocrx_word' id='word_1_194' title='bbox 921 1086 955 1117; x_wconf 90' lang='lat' dir='ltr'>P.</span> <span class='ocrx_word' id='word_1_195' title='bbox 978 1086 1109 1116; x_wconf 89' lang='lat' dir='ltr'>Corneli</span> <span class='ocrx_word' id='word_1_196' title='bbox 1129 1085 1292 1127; x_wconf 87' lang='lat' dir='ltr'>Scipionis</span> <span class='ocrx_word' id='word_1_197' title='bbox 1314 1086 1414 1117; x_wconf 90' lang='lat' dir='ltr'>modo</span> 
     </span>
     <span class='ocr_line' id='line_1_20' title="bbox 124 1137 1412 1180; baseline 0.001 -11"><span class='ocrx_word' id='word_1_198' title='bbox 124 1137 215 1176; x_wconf 89' lang='lat' dir='ltr'>dicti,</span> <span class='ocrx_word' id='word_1_199' title='bbox 237 1138 288 1168; x_wconf 87' lang='lat' dir='ltr'>vir</span> <span class='ocrx_word' id='word_1_200' title='bbox 309 1149 454 1170; x_wconf 85' lang='lat' dir='ltr'>summus</span> <span class='ocrx_word' id='word_1_201' title='bbox 477 1138 510 1169; x_wconf 87' lang='lat' dir='ltr'>in</span> <span class='ocrx_word' id='word_1_202' title='bbox 532 1149 599 1180; x_wconf 86' lang='lat' dir='ltr'>rep.</span> <span class='ocrx_word' id='word_1_203' title='bbox 627 1143 774 1180; x_wconf 87' lang='lat' dir='ltr'>tempore</span> <span class='ocrx_word' id='word_1_204' title='bbox 797 1139 876 1170; x_wconf 78' lang='lat' dir='ltr'>belli</span> <span class='ocrx_word' id='word_1_205' title='bbox 902 1139 1015 1170; x_wconf 88' lang='lat' dir='ltr'>Punici</span> <span class='ocrx_word' id='word_1_206' title='bbox 1039 1139 1182 1178; x_wconf 87' lang='lat' dir='ltr'>secundi,</span> <span class='ocrx_word' id='word_1_207' title='bbox 1201 1149 1268 1171; x_wconf 89' lang='lat' dir='ltr'>cos.</span> <span class='ocrx_word' id='word_1_208' title='bbox 1292 1150 1323 1170; x_wconf 88' lang='lat' dir='ltr'>a.</span> <span class='ocrx_word' id='word_1_209' title='bbox 1341 1149 1412 1179; x_wconf 72' lang='lat'>205,</span> 
     </span>
     <span class='ocr_line' id='line_1_21' title="bbox 130 1190 1245 1232; baseline 0.002 -11"><span class='ocrx_word' id='word_1_210' title='bbox 130 1199 214 1232; x_wconf 82' lang='lat'>1943</span> <span class='ocrx_word' id='word_1_211' title='bbox 238 1190 463 1222; x_wconf 88' lang='lat' dir='ltr'>Hannibalem</span> <span class='ocrx_word' id='word_1_212' title='bbox 486 1192 528 1222; x_wconf 90' lang='lat' dir='ltr'>ad</span> <span class='ocrx_word' id='word_1_213' title='bbox 544 1192 678 1222; x_wconf 84' lang='lat' dir='ltr'>Zamam</span> <span class='ocrx_word' id='word_1_214' title='bbox 695 1192 788 1230; x_wconf 85' lang='lat' dir='ltr'>fudit,</span> <span class='ocrx_word' id='word_1_215' title='bbox 808 1197 954 1223; x_wconf 80' lang='lat' dir='ltr'>mortuus</span> <span class='ocrx_word' id='word_1_216' title='bbox 971 1202 1037 1223; x_wconf 87' lang='lat' dir='ltr'>c.a.</span> <span class='ocrx_word' id='word_1_217' title='bbox 1060 1194 1126 1232; x_wconf 81' lang='lat'>183,</span> <span class='ocrx_word' id='word_1_218' title='bbox 1146 1192 1187 1224; x_wconf 88' lang='grc'>60</span> <span class='ocrx_word' id='word_1_219' title='bbox 1204 1200 1245 1230; x_wconf 79' lang='grc'>30</span> 
     </span>
    </p>

    <p class='ocr_par' dir='ltr' id='par_1_9' title="bbox 83 1244 1412 1340">
     <span class='ocr_line' id='line_1_22' title="bbox 83 1244 1412 1287; baseline 0.001 -12"><span class='ocrx_word' id='word_1_220' title='bbox 83 1244 221 1275; x_wconf 83' lang='lat' dir='ltr'>Publius</span> <span class='ocrx_word' id='word_1_221' title='bbox 250 1245 416 1276; x_wconf 74' lang='lat' dir='ltr'>Cornelius</span> <span class='ocrx_word' id='word_1_222' title='bbox 438 1246 543 1287; x_wconf 79' lang='lat' dir='ltr'>Scipio</span> <span class='ocrx_word' id='word_1_223' title='bbox 564 1246 688 1277; x_wconf 81' lang='lat' dir='ltr'>Nasica</span> <span class='ocrx_word' id='word_1_224' title='bbox 712 1247 853 1286; x_wconf 71' lang='lat' dir='ltr'>Serapio,</span> <span class='ocrx_word' id='word_1_225' title='bbox 878 1257 944 1278; x_wconf 93' lang='lat' dir='ltr'>cos.</span> <span class='ocrx_word' id='word_1_226' title='bbox 968 1257 998 1277; x_wconf 90' lang='lat' dir='ltr'>a.</span> <span class='ocrx_word' id='word_1_227' title='bbox 1026 1247 1096 1285; x_wconf 75' lang='lat'>138,</span> <span class='ocrx_word' id='word_1_228' title='bbox 1119 1246 1311 1278; x_wconf 84' lang='lat' dir='ltr'>fortissimus</span> <span class='ocrx_word' id='word_1_229' title='bbox 1328 1246 1366 1277; x_wconf 90' lang='lat'>51</span> <span class='ocrx_word' id='word_1_230' title='bbox 1384 1257 1412 1287; x_wconf 77' lang='lat'>3,</span> 
     </span>
     <span class='ocr_line' id='line_1_23' title="bbox 124 1298 1318 1340; baseline 0 -11"><span class='ocrx_word' id='word_1_231' title='bbox 124 1309 198 1329; x_wconf 89' lang='lat' dir='ltr'>cum</span> <span class='ocrx_word' id='word_1_232' title='bbox 214 1298 362 1340; x_wconf 83' lang='lat' dir='ltr'>pontifex</span> <span class='ocrx_word' id='word_1_233' title='bbox 377 1299 537 1330; x_wconf 79' lang='lat' dir='ltr'>maximus</span> <span class='ocrx_word' id='word_1_234' title='bbox 553 1305 645 1336; x_wconf 87' lang='lat' dir='ltr'>esset,</span> <span class='ocrx_word' id='word_1_235' title='bbox 660 1300 735 1330; x_wconf 89' lang='lat' dir='ltr'>Tib.</span> <span class='ocrx_word' id='word_1_236' title='bbox 759 1300 944 1331; x_wconf 82' lang='lat' dir='ltr'>Gracchum</span> <span class='ocrx_word' id='word_1_237' title='bbox 961 1300 1080 1331; x_wconf 89' lang='lat' dir='ltr'>occidit</span> <span class='ocrx_word' id='word_1_238' title='bbox 1096 1310 1125 1331; x_wconf 87' lang='lat' dir='ltr'>a.</span> <span class='ocrx_word' id='word_1_239' title='bbox 1146 1310 1216 1340; x_wconf 82' lang='lat'>133,</span> <span class='ocrx_word' id='word_1_240' title='bbox 1241 1300 1282 1329; x_wconf 83' lang='lat'>88</span> <span class='ocrx_word' id='word_1_241' title='bbox 1299 1300 1318 1330; x_wconf 93' lang='lat'>8</span> 
     </span>
    </p>

    <p class='ocr_par' dir='ltr' id='par_1_10' title="bbox 82 1353 1410 1450">
     <span class='ocr_line' id='line_1_24' title="bbox 82 1353 1410 1397; baseline 0.002 -13"><span class='ocrx_word' id='word_1_242' title='bbox 82 1353 218 1384; x_wconf 68' lang='lat' dir='ltr'>Publius</span> <span class='ocrx_word' id='word_1_243' title='bbox 238 1354 404 1384; x_wconf 75' lang='lat' dir='ltr'>Cornelius</span> <span class='ocrx_word' id='word_1_244' title='bbox 415 1356 519 1395; x_wconf 74' lang='lat' dir='ltr'>Scipio</span> <span class='ocrx_word' id='word_1_245' title='bbox 530 1356 662 1393; x_wconf 78' lang='lat' dir='ltr'>Nasica,</span> <span class='ocrx_word' id='word_1_246' title='bbox 683 1365 748 1386; x_wconf 88' lang='lat' dir='ltr'>cos.</span> <span class='ocrx_word' id='word_1_247' title='bbox 766 1366 795 1386; x_wconf 90' lang='lat' dir='ltr'>a.</span> <span class='ocrx_word' id='word_1_248' title='bbox 814 1365 846 1386; x_wconf 85' lang='lat'>11</span> <span class='ocrx_word' id='word_1_249' title='bbox 857 1365 883 1394; x_wconf 89' lang='lat'>1,</span> <span class='ocrx_word' id='word_1_250' title='bbox 901 1355 1090 1397; x_wconf 87' lang='lat' dir='ltr'>Serapionis</span> <span class='ocrx_word' id='word_1_251' title='bbox 1105 1356 1206 1387; x_wconf 91' lang='lat' dir='ltr'>modo</span> <span class='ocrx_word' id='word_1_252' title='bbox 1222 1355 1300 1387; x_wconf 89' lang='lat' dir='ltr'>dicti</span> <span class='ocrx_word' id='word_1_253' title='bbox 1317 1355 1410 1393; x_wconf 85' lang='lat' dir='ltr'>filins,</span> 
     </span>
     <span class='ocr_line' id='line_1_25' title="bbox 123 1408 805 1450; baseline 0.004 -13"><span class='ocrx_word' id='word_1_254' title='bbox 123 1417 237 1438; x_wconf 88' lang='lat' dir='ltr'>omnes</span> <span class='ocrx_word' id='word_1_255' title='bbox 253 1408 320 1438; x_wconf 84' lang='lat' dir='ltr'>sale</span> <span class='ocrx_word' id='word_1_256' title='bbox 337 1408 525 1450; x_wconf 85' lang='lat' dir='ltr'>facetiisque</span> <span class='ocrx_word' id='word_1_257' title='bbox 541 1409 715 1450; x_wconf 87' lang='lat' dir='ltr'>superabat</span> <span class='ocrx_word' id='word_1_258' title='bbox 731 1410 772 1440; x_wconf 85' lang='lat'>33</span> <span class='ocrx_word' id='word_1_259' title='bbox 786 1418 805 1450; x_wconf 92' lang='lat'>9</span> 
     </span>
    </p>

    <p class='ocr_par' dir='ltr' id='par_1_11' title="bbox 83 1459 1414 1610">
     <span class='ocr_line' id='line_1_26' title="bbox 83 1459 1412 1500; baseline 0.002 -10"><span class='ocrx_word' id='word_1_260' title='bbox 83 1459 137 1491; x_wconf 83' lang='lat' dir='ltr'>Ti.</span> <span class='ocrx_word' id='word_1_261' title='bbox 167 1460 404 1498; x_wconf 82' lang='lat' dir='ltr'>Coruncanius,</span> <span class='ocrx_word' id='word_1_262' title='bbox 443 1467 537 1493; x_wconf 87' lang='lat' dir='ltr'>natus</span> <span class='ocrx_word' id='word_1_263' title='bbox 560 1462 628 1493; x_wconf 89' lang='lat' dir='ltr'>sive</span> <span class='ocrx_word' id='word_1_264' title='bbox 659 1462 792 1493; x_wconf 87' lang='lat' dir='ltr'>Tusculi</span> <span class='ocrx_word' id='word_1_265' title='bbox 823 1462 891 1493; x_wconf 90' lang='lat' dir='ltr'>sive</span> <span class='ocrx_word' id='word_1_266' title='bbox 926 1461 1079 1500; x_wconf 89' lang='lat' dir='ltr'>Camerii,</span> <span class='ocrx_word' id='word_1_267' title='bbox 1106 1472 1171 1493; x_wconf 89' lang='lat' dir='ltr'>cos.</span> <span class='ocrx_word' id='word_1_268' title='bbox 1195 1473 1225 1493; x_wconf 86' lang='lat' dir='ltr'>a.</span> <span class='ocrx_word' id='word_1_269' title='bbox 1252 1463 1313 1494; x_wconf 80' lang='lat'>280</span> <span class='ocrx_word' id='word_1_270' title='bbox 1339 1473 1412 1493; x_wconf 85' lang='lat' dir='ltr'>cum</span> 
     </span>
     <span class='ocr_line' id='line_1_27' title="bbox 125 1513 1414 1557; baseline 0.002 -13"><span class='ocrx_word' id='word_1_271' title='bbox 125 1513 270 1545; x_wconf 79' lang='lat' dir='ltr'>Etruscis</span> <span class='ocrx_word' id='word_1_272' title='bbox 287 1519 319 1545; x_wconf 87' lang='lat' dir='ltr'>et</span> <span class='ocrx_word' id='word_1_273' title='bbox 337 1515 462 1555; x_wconf 88' lang='lat' dir='ltr'>Pyrrho</span> <span class='ocrx_word' id='word_1_274' title='bbox 478 1515 655 1556; x_wconf 82' lang='lat' dir='ltr'>pugnavit3</span> <span class='ocrx_word' id='word_1_275' title='bbox 679 1516 802 1556; x_wconf 88' lang='lat' dir='ltr'>primus</span> <span class='ocrx_word' id='word_1_276' title='bbox 826 1527 843 1547; x_wconf 93' lang='lat' dir='ltr'>e</span> <span class='ocrx_word' id='word_1_277' title='bbox 864 1516 961 1556; x_wconf 87' lang='lat' dir='ltr'>plebe</span> <span class='ocrx_word' id='word_1_278' title='bbox 986 1515 1131 1557; x_wconf 78' lang='lat' dir='ltr'>pontifex</span> <span class='ocrx_word' id='word_1_279' title='bbox 1154 1516 1326 1554; x_wconf 80' lang='lat' dir='ltr'>maximus,</span> <span class='ocrx_word' id='word_1_280' title='bbox 1346 1516 1414 1547; x_wconf 77' lang='lat' dir='ltr'>iure</span> 
     </span>
     <span class='ocr_line' id='line_1_28' title="bbox 123 1567 789 1610; baseline 0.003 -12"><span class='ocrx_word' id='word_1_281' title='bbox 123 1567 302 1606; x_wconf 83' lang='lat' dir='ltr'>consultus,</span> <span class='ocrx_word' id='word_1_282' title='bbox 323 1568 424 1599; x_wconf 92' lang='lat' dir='ltr'>homo</span> <span class='ocrx_word' id='word_1_283' title='bbox 440 1568 699 1610; x_wconf 83' lang='lat' dir='ltr'>sapientissimus</span> <span class='ocrx_word' id='word_1_284' title='bbox 715 1570 757 1600; x_wconf 89' lang='lat'>20</span> <span class='ocrx_word' id='word_1_285' title='bbox 777 1579 789 1601; x_wconf 91' lang='lat'>1</span> 
     </span>
    </p>

    <p class='ocr_par' dir='ltr' id='par_1_12' title="bbox 83 1621 502 1654">
     <span class='ocr_line' id='line_1_29' title="bbox 83 1621 502 1654; baseline 0.005 -3"><span class='ocrx_word' id='word_1_286' title='bbox 83 1621 241 1652; x_wconf 83' lang='lat' dir='ltr'>Crassus:</span> <span class='ocrx_word' id='word_1_287' title='bbox 264 1632 296 1653; x_wconf 89' lang='lat' dir='ltr'>v.</span> <span class='ocrx_word' id='word_1_288' title='bbox 308 1632 334 1653; x_wconf 89' lang='lat' dir='ltr'>s.</span> <span class='ocrx_word' id='word_1_289' title='bbox 352 1622 502 1654; x_wconf 80' lang='lat' dir='ltr'>Licinius</span> 
     </span>
    </p>

    <p class='ocr_par' dir='ltr' id='par_1_13' title="bbox 83 1675 1413 1772">
     <span class='ocr_line' id='line_1_30' title="bbox 83 1675 1413 1721; baseline 0.004 -16"><span class='ocrx_word' id='word_1_290' title='bbox 83 1675 188 1711; x_wconf 82' lang='lat' dir='ltr'>Creta,</span> <span class='ocrx_word' id='word_1_291' title='bbox 205 1675 311 1707; x_wconf 86' lang='lat' dir='ltr'>insula</span> <span class='ocrx_word' id='word_1_292' title='bbox 327 1676 453 1708; x_wconf 83' lang='lat' dir='ltr'>Graeca</span> <span class='ocrx_word' id='word_1_293' title='bbox 470 1677 568 1709; x_wconf 84' lang='lat' dir='ltr'>maris</span> <span class='ocrx_word' id='word_1_294' title='bbox 584 1678 715 1715; x_wconf 89' lang='lat' dir='ltr'>interni,</span> <span class='ocrx_word' id='word_1_295' title='bbox 735 1678 820 1710; x_wconf 84' lang='lat' dir='ltr'>inter</span> <span class='ocrx_word' id='word_1_296' title='bbox 840 1679 1010 1720; x_wconf 84' lang='lat' dir='ltr'>Aegaeum</span> <span class='ocrx_word' id='word_1_297' title='bbox 1031 1683 1064 1711; x_wconf 88' lang='lat' dir='ltr'>et</span> <span class='ocrx_word' id='word_1_298' title='bbox 1085 1679 1303 1721; x_wconf 82' lang='lat' dir='ltr'>Cyrenaicum</span> <span class='ocrx_word' id='word_1_299' title='bbox 1324 1690 1413 1710; x_wconf 88' lang='lat' dir='ltr'>mare</span> 
     </span>
     <span class='ocr_line' id='line_1_31' title="bbox 123 1730 471 1772; baseline 0.009 -11"><span class='ocrx_word' id='word_1_300' title='bbox 123 1731 164 1763; x_wconf 85' lang='lat'>27</span> <span class='ocrx_word' id='word_1_301' title='bbox 182 1730 232 1767; x_wconf 84' lang='lat'>26,</span> <span class='ocrx_word' id='word_1_302' title='bbox 247 1731 287 1762; x_wconf 89' lang='grc'>61</span> <span class='ocrx_word' id='word_1_303' title='bbox 309 1742 361 1770; x_wconf 76' lang='lat'>14,</span> <span class='ocrx_word' id='word_1_304' title='bbox 378 1732 418 1762; x_wconf 84' lang='lat'>85</span> <span class='ocrx_word' id='word_1_305' title='bbox 433 1743 471 1772; x_wconf 80' lang='lat'>25</span> 
     </span>
    </p>

    <p class='ocr_par' dir='ltr' id='par_1_14' title="bbox 78 1785 1411 1978">
     <span class='ocr_line' id='line_1_32' title="bbox 78 1785 1411 1830; baseline 0.004 -14"><span class='ocrx_word' id='word_1_306' title='bbox 78 1785 219 1816; x_wconf 77' lang='lat' dir='ltr'>lllanz&#39;us</span> <span class='ocrx_word' id='word_1_307' title='bbox 238 1785 360 1816; x_wconf 82' lang='lat' dir='ltr'>Curius</span> <span class='ocrx_word' id='word_1_308' title='bbox 374 1787 538 1817; x_wconf 78' lang='lat' dir='ltr'>Dentatus</span> <span class='ocrx_word' id='word_1_309' title='bbox 562 1788 678 1828; x_wconf 88' lang='lat' dir='ltr'>‘quem</span> <span class='ocrx_word' id='word_1_310' title='bbox 695 1798 791 1818; x_wconf 88' lang='lat' dir='ltr'>nemo</span> <span class='ocrx_word' id='word_1_311' title='bbox 812 1788 896 1819; x_wconf 88' lang='lat' dir='ltr'>ferro</span> <span class='ocrx_word' id='word_1_312' title='bbox 925 1788 1031 1830; x_wconf 87' lang='lat' dir='ltr'>potuit</span> <span class='ocrx_word' id='word_1_313' title='bbox 1047 1799 1199 1830; x_wconf 86' lang='lat' dir='ltr'>superare</span> <span class='ocrx_word' id='word_1_314' title='bbox 1225 1799 1285 1821; x_wconf 88' lang='lat' dir='ltr'>nee</span> <span class='ocrx_word' id='word_1_315' title='bbox 1312 1800 1391 1820; x_wconf 86' lang='lat' dir='ltr'>auro</span> <span class='ocrx_word' id='word_1_316' title='bbox 1404 1789 1411 1802; x_wconf 92' lang='lat'>’</span> 
     </span>
     <span class='ocr_line' id='line_1_33' title="bbox 123 1838 1411 1885; baseline 0.005 -16"><span class='ocrx_word' id='word_1_317' title='bbox 123 1838 251 1877; x_wconf 68' lang='lat' dir='ltr'>(Eum),</span> <span class='ocrx_word' id='word_1_318' title='bbox 267 1849 285 1870; x_wconf 93' lang='lat' dir='ltr'>e</span> <span class='ocrx_word' id='word_1_319' title='bbox 301 1839 480 1881; x_wconf 80' lang='lat' dir='ltr'>municipio</span> <span class='ocrx_word' id='word_1_320' title='bbox 496 1840 607 1882; x_wconf 87' lang='lat' dir='ltr'>aliquo</span> <span class='ocrx_word' id='word_1_321' title='bbox 625 1841 749 1873; x_wconf 91' lang='lat' dir='ltr'>Sabino</span> <span class='ocrx_word' id='word_1_322' title='bbox 766 1841 933 1880; x_wconf 88' lang='lat' dir='ltr'>oriundus,</span> <span class='ocrx_word' id='word_1_323' title='bbox 948 1842 1102 1883; x_wconf 82' lang='lat' dir='ltr'>agricola,</span> <span class='ocrx_word' id='word_1_324' title='bbox 1119 1853 1183 1874; x_wconf 90' lang='lat' dir='ltr'>cos.</span> <span class='ocrx_word' id='word_1_325' title='bbox 1203 1853 1234 1873; x_wconf 91' lang='lat' dir='ltr'>a.</span> <span class='ocrx_word' id='word_1_326' title='bbox 1253 1853 1325 1885; x_wconf 90' lang='lat'><strong>290,</strong></span> <span class='ocrx_word' id='word_1_327' title='bbox 1339 1853 1411 1884; x_wconf 81' lang='lat'>275,</span> 
     </span>
     <span class='ocr_line' id='line_1_34' title="bbox 123 1891 1411 1938; baseline 0.005 -15"><span class='ocrx_word' id='word_1_328' title='bbox 123 1899 194 1931; x_wconf 83' lang='lat'>274,</span> <span class='ocrx_word' id='word_1_329' title='bbox 213 1891 377 1925; x_wconf 83' lang='lat' dir='ltr'>Samnites</span> <span class='ocrx_word' id='word_1_330' title='bbox 399 1898 432 1926; x_wconf 89' lang='lat' dir='ltr'>et</span> <span class='ocrx_word' id='word_1_331' title='bbox 455 1895 596 1927; x_wconf 82' lang='lat' dir='ltr'>Sabinos</span> <span class='ocrx_word' id='word_1_332' title='bbox 611 1905 642 1926; x_wconf 93' lang='lat' dir='ltr'>a.</span> <span class='ocrx_word' id='word_1_333' title='bbox 661 1905 733 1937; x_wconf 77' lang='lat'><strong>290,</strong></span> <span class='ocrx_word' id='word_1_334' title='bbox 755 1896 916 1936; x_wconf 90' lang='lat' dir='ltr'>Pyrrhum</span> <span class='ocrx_word' id='word_1_335' title='bbox 939 1907 967 1928; x_wconf 91' lang='lat' dir='ltr'>a.</span> <span class='ocrx_word' id='word_1_336' title='bbox 989 1906 1049 1937; x_wconf 79' lang='lat'>275</span> <span class='ocrx_word' id='word_1_337' title='bbox 1075 1898 1163 1938; x_wconf 87' lang='lat' dir='ltr'>apud</span> <span class='ocrx_word' id='word_1_338' title='bbox 1187 1899 1411 1930; x_wconf 88' lang='lat' dir='ltr'>Beneventum</span> 
     </span>
     <span class='ocr_line' id='line_1_35' title="bbox 123 1946 314 1978; baseline 0.005 -1"><span class='ocrx_word' id='word_1_339' title='bbox 123 1947 200 1978; x_wconf 89' lang='lat' dir='ltr'>vicit</span> <span class='ocrx_word' id='word_1_340' title='bbox 217 1946 258 1977; x_wconf 85' lang='grc'>60</span> <span class='ocrx_word' id='word_1_341' title='bbox 275 1948 314 1978; x_wconf 85' lang='lat'>28</span> 
     </span>
    </p>

    <p class='ocr_par' dir='ltr' id='par_1_15' title="bbox 84 1999 1411 2095">
     <span class='ocr_line' id='line_1_36' title="bbox 84 1999 1411 2045; baseline 0.005 -15"><span class='ocrx_word' id='word_1_342' title='bbox 84 1999 226 2040; x_wconf 81' lang='lat' dir='ltr'>Cyrenae</span> <span class='ocrx_word' id='word_1_343' title='bbox 238 2000 315 2031; x_wconf 90' lang='lat' dir='ltr'>urbs</span> <span class='ocrx_word' id='word_1_344' title='bbox 328 1999 527 2041; x_wconf 89' lang='lat' dir='ltr'>Cyrenaicae</span> <span class='ocrx_word' id='word_1_345' title='bbox 543 2001 684 2042; x_wconf 84' lang='lat' dir='ltr'>regionis</span> <span class='ocrx_word' id='word_1_346' title='bbox 700 2002 733 2033; x_wconf 88' lang='lat' dir='ltr'>in</span> <span class='ocrx_word' id='word_1_347' title='bbox 751 2001 872 2041; x_wconf 84' lang='lat' dir='ltr'>Africa,</span> <span class='ocrx_word' id='word_1_348' title='bbox 887 2002 919 2034; x_wconf 89' lang='lat' dir='ltr'>h.</span> <span class='ocrx_word' id='word_1_349' title='bbox 933 2003 1086 2040; x_wconf 86' lang='lat' dir='ltr'>Kuren;</span> <span class='ocrx_word' id='word_1_350' title='bbox 1103 2003 1148 2034; x_wconf 91' lang='lat' dir='ltr'>ibi</span> <span class='ocrx_word' id='word_1_351' title='bbox 1164 2014 1224 2045; x_wconf 85' lang='lat' dir='ltr'>pro</span> <span class='ocrx_word' id='word_1_352' title='bbox 1241 2010 1411 2045; x_wconf 87' lang='lat' dir='ltr'>quaestore</span> 
     </span>
     <span class='ocr_line' id='line_1_37' title="bbox 123 2053 602 2095; baseline 0.006 -10"><span class='ocrx_word' id='word_1_353' title='bbox 123 2053 183 2085; x_wconf 85' lang='lat' dir='ltr'>suit</span> <span class='ocrx_word' id='word_1_354' title='bbox 199 2053 384 2086; x_wconf 85' lang='lat' dir='ltr'>Laterensis</span> <span class='ocrx_word' id='word_1_355' title='bbox 402 2055 441 2086; x_wconf 84' lang='lat'>13</span> <span class='ocrx_word' id='word_1_356' title='bbox 459 2066 486 2095; x_wconf 83' lang='lat'>2,</span> <span class='ocrx_word' id='word_1_357' title='bbox 508 2056 548 2088; x_wconf 85' lang='lat'>63</span> <span class='ocrx_word' id='word_1_358' title='bbox 569 2066 602 2088; x_wconf 86' lang='lat'>11</span> 
     </span>
    </p>
   </div>
  </div>
 </body>
</html>
