1593 2488
159 110 204 135 12
501 96 564 135 M.
599 96 776 135 TVLLI
810 94 1134 135 CICERONIS
1326 91 1404 147 [XI
1427 90 1475 132 28

156 181 396 223 Macedonia
415 181 470 222 sic
489 196 578 222 eum
597 181 731 232 diligit,
749 181 791 221 ut
810 181 984 221 indicant
1001 182 1041 220 hi
1060 179 1256 232 principes
1275 176 1476 220 civitatum

156 260 310 285 suarum
318 261 329 296 3
358 246 535 297 quicum
562 246 669 285 missi
696 246 771 285 sint
794 247 845 285 ob
875 247 989 284 aliam
1015 259 1184 294 causam,
1205 253 1337 284 tamen
1353 245 1476 285 >huius

155 310 360 360 repentino
380 310 552 361 periculo
572 311 759 349 commoti
778 310 868 348 huic
887 310 1078 358 adsident,
1100 323 1171 360 pro
1191 311 1267 349 hoc
1286 311 1474 356 laborant,

155 374 246 412 huic
275 373 306 413 si
336 382 491 424 praesto
523 374 675 420 fuerint,
705 374 847 424 gratius
879 387 919 413 se
952 374 1170 413 civitatibus
1201 373 1281 412 suis
1309 375 1477 412 facturos

155 445 296 487 putant
327 451 444 487 quam
477 437 509 476 si
539 438 771 487 legationem
805 451 915 476 suam
948 446 987 477 et
1014 439 1198 477 mandata
1226 437 1474 477 confecerint.

156 504 201 543 L.
222 515 314 541 vero
333 502 522 552 Apuleius
541 503 647 540 hunc
668 502 762 540 tanti
782 503 883 549 facit,
905 510 947 541 ut
972 516 1121 542 morem
1144 502 1253 541 illum
1273 502 1474 551 maiorum,

157 565 225 614 qui
244 565 467 615 praescribit
485 565 525 603 in
549 574 753 614 parentum
783 569 870 606 loco
896 567 1164 616 quaestoribus
1185 566 1262 604 suis
1282 573 1478 616 praetores

157 641 242 666 esse
275 636 464 678 oportere,
494 629 628 667 officiis
661 631 1010 680 benevolentiaque
1044 630 1240 679 superarit.
1300 630 1477 668 tribunus

157 690 281 741 plebis
308 692 390 739 fuit,
420 705 500 730 non
527 694 688 732 fortasse
716 701 794 731 tam
824 695 1036 732 vehemens
1065 707 1182 743 quam
1210 693 1283 740 isti,
1309 707 1407 743 quos
1436 701 1478 732 tu

158 756 239 796 iure
257 758 405 804 laudas,
427 758 496 795 sed
517 766 618 796 certe
638 758 734 806 talis,
757 759 890 808 quales
914 758 946 796 si
972 771 1107 797 omnes
1134 771 1285 808 semper
1303 759 1477 805 fuissent,
1498 776 1508 792 ³

90 828 138 864 29
159 834 374 871 numquam
426 822 666 860 desideratus
717 824 929 860 vehemens
975 830 1076 860 esset
1122 822 1308 860 tribunus.
1393 824 1477 860 XII

158 885 298 924 omitto
330 885 405 931 illa,
428 898 528 934 quae
559 885 590 923 si
620 885 749 923 minus
782 884 822 923 in
854 898 995 923 scaena
1027 893 1126 933 sunt,
1164 894 1202 923 at
1239 893 1353 933 certe,
1388 898 1479 923 cum

159 956 250 988 sunt
281 950 443 998 prolata,
478 950 694 995 laudantur,
728 957 771 987 ut
803 949 907 987 vivat
944 963 1033 987 cum
1070 950 1159 996 suis,
1194 949 1361 999 primum
1389 962 1480 987 cum

158 1022 464 1064 parente—nam
485 1027 574 1052 meo
593 1014 738 1052 iudicio
758 1013 881 1063 pietas
909 1015 1205 1052 fundamentum
1228 1021 1285 1052 est
1305 1013 1480 1052 omnium

159 1078 409 1124 virtutum—,
449 1090 565 1126 quem
602 1086 754 1115 veretur
790 1085 832 1115 ut
869 1078 1170 1126 deum—neque
1212 1077 1317 1116 enim
1357 1078 1480 1115 multo

159 1155 271 1180 secus
291 1149 349 1179 est
369 1154 507 1191 parens
527 1141 719 1189 liberis—,
742 1149 846 1179 amat
864 1154 956 1180 vero
975 1148 1018 1179 ut
1037 1142 1222 1188 sodalem,
1244 1149 1285 1180 ut
1313 1142 1479 1189 fratrem,

160 1214 201 1244 ut
221 1207 434 1256 aequalem.
494 1205 590 1255 quid
610 1206 738 1243 dicam
767 1219 854 1243 cum
881 1213 1032 1255 patruo,
1054 1218 1143 1243 cum
1163 1205 1369 1253 adfinibus,
1390 1218 1481 1244 cum

159 1271 400 1321 propinquis,
421 1284 510 1308 cum
536 1271 611 1309 hoc
633 1272 706 1309 Cn.
728 1270 947 1317 Saturnino,
970 1269 1215 1309 ornatissimo
1234 1270 1344 1309 viro?
1372 1269 1482 1308 cuius

161 1342 343 1384 quantam
374 1333 532 1373 honoris
560 1335 672 1372 huius
702 1334 955 1384 cupiditatem
981 1334 1096 1372 fuisse
1127 1334 1295 1380 creditis,
1317 1347 1406 1372 curn
1431 1334 1484 1371 vi-

161 1399 262 1438 detis
290 1400 416 1437 luctus
450 1399 708 1437 societatem?
760 1399 855 1448 quid
884 1400 934 1438 de
963 1412 1024 1437 me
1054 1399 1194 1446 dicam,
1225 1399 1292 1448 qui
1319 1398 1414 1436 mihi
1442 1398 1479 1436 in

161 1464 274 1501 huius
294 1463 467 1513 periculo
487 1477 573 1501 reus
594 1477 677 1502 esse
696 1464 855 1504 videor?
882 1463 976 1514 quid
997 1466 1045 1502 de
1066 1464 1125 1502 his
1145 1472 1202 1502 tot
1221 1463 1309 1502 viris
1329 1464 1481 1511 talibus,

162 1542 259 1578 quos
279 1528 418 1567 videtis
437 1536 544 1567 veste
564 1537 712 1566 mutata
723 1531 746 1567 ?.
788 1536 905 1578 atque
925 1529 1022 1566 haec
1042 1536 1132 1566 sunt
1150 1528 1304 1576 indicia,
1321 1527 1481 1576 iudices,

163 1593 288 1631 solida
313 1600 351 1630 et
377 1605 567 1642 expressa,
588 1593 686 1631 haec
715 1592 824 1641 signa
851 1592 1055 1642 probitatis
1081 1605 1161 1630 non
1187 1593 1317 1629 fucata
1341 1591 1484 1630 forensi

163 1657 302 1707 specie,
325 1658 395 1695 sed
423 1657 646 1695 domesticis
676 1657 804 1695 inusta
830 1657 933 1695 notis
952 1657 1133 1695 veritatis.
1190 1657 1311 1695 facilis
1337 1664 1396 1695 est
1421 1656 1486 1695 illa

163 1721 379 1760 occursatio
406 1728 444 1759 et
472 1720 661 1759 blanditia
685 1721 900 1770 popularis:
928 1720 1121 1770 aspicitur,
1144 1733 1224 1758 non
1244 1728 1484 1759 attrectatur:

95 1795 144 1831 30
164 1786 298 1835 procul
324 1792 494 1834 apparet,
515 1797 596 1822 non
623 1785 822 1833 excutitur,
847 1797 927 1823 non
952 1784 992 1822 in
1018 1797 1155 1822 manus
1175 1784 1347 1822 sumitur.
1405 1797 1486 1822 om-

163 1850 277 1888 nibus
310 1849 422 1899 igitur
453 1850 568 1888 rebus
605 1857 784 1888 ornatum
817 1849 1030 1897 hominem,
1061 1856 1141 1887 tam
1171 1849 1337 1887 externis
1367 1862 1485 1898 quam

162 1913 398 1960 domesticis,
433 1925 513 1951 non
545 1913 660 1951 nullis
692 1915 807 1951 rebus
843 1912 1062 1951 inferiorem
1095 1926 1213 1962 quam
1251 1920 1300 1959 te,
1335 1913 1486 1962 generis

163 1976 253 2014 dico
279 1984 316 2014 et
341 1976 521 2023 nominis,
543 1976 778 2026 superiorem
799 1976 893 2023 aliis,
915 1976 1157 2026 municipum
1185 1975 1400 2014 vicinorum
1429 1988 1488 2014 so·

163 2040 345 2078 cietatum
367 2040 507 2086 studio,
528 2053 704 2078 meorum
724 2048 944 2089 temporum
964 2039 1164 2086 memoria,
1185 2052 1319 2089 parem
1345 2039 1485 2077 virtute

162 2104 379 2154 integritate
399 2105 592 2143 modestia
611 2105 778 2143 aedilem
798 2106 943 2143 factum
962 2117 1047 2143 esse
1067 2103 1244 2141 miraris?

244 2171 365 2207 Hunc
390 2175 431 2206 tu
450 2168 553 2206 vitae
573 2169 823 2217 splendorem
850 2168 1010 2206 maculis
1035 2167 1206 2217 aspergis
1229 2166 1339 2205 istis?
1393 2166 1488 2205 iacis

163 2231 365 2281 adulteria,
386 2244 487 2283 quae
514 2244 632 2270 nemo
661 2245 741 2270 non
769 2233 892 2271 modo
911 2231 1083 2280 nomine,
1108 2232 1177 2270 sed
1197 2244 1246 2270 ne
1267 2230 1488 2281 suspicione

1501 1414 1534 1431 20

1503 1736 1534 1759 25

1505 2052 1539 2077 30
