1626 2488
163 96 212 131 42
415 85 535 123 PRO
567 84 653 124 CN
683 85 948 124 PLANCIO
985 85 1207 124 ORATIO
1249 82 1386 137 [XLII
1411 97 1482 122 102

70 172 144 210 103
163 177 290 220 patres
321 171 586 220 deprecamur.
645 170 777 218 nolite,
811 170 973 219 iudices,
1004 184 1074 222 per
1101 184 1182 217 vos,
1213 183 1283 220 per
1310 174 1484 210 fortunas

163 242 320 281 vestras,
352 248 423 285 per
451 235 593 274 liberos
625 244 785 283 vestros,
817 235 984 273 inimicis
1014 235 1123 282 meis,
1157 235 1212 273 eis
1242 234 1481 285 praesertim,

164 312 261 348 quos
282 312 354 349 ego
381 313 450 349 pro
470 292 597 338 vestra
622 302 745 339 salute
771 300 937 350 suscepi,
959 301 1050 339 dare
1075 300 1263 339 laetitiam
1288 300 1483 350 glorianti-

163 365 234 403 bus
253 377 322 403 vos
350 363 428 402 iam
454 364 596 403 oblitos
625 365 702 403 mei
727 365 859 403 salutis
885 365 978 410 eius,
1000 378 1024 403 a
1046 378 1126 414 quo
1151 378 1240 403 mea
1263 365 1366 403 salus
1395 377 1487 403 con-

162 435 312 465 servata
331 435 400 473 est,
422 427 545 466 hostis
566 427 779 466 exstitisse:
809 428 930 466 nolite
950 428 1125 466 animum
1140 441 1271 467 meum
1287 427 1487 466 debilitare
1525 444 1538 467 ⁵

163 504 251 529 cum
266 493 372 529 luctu
386 499 469 530 tum
483 491 598 530 etiam
614 500 720 530 metu
733 500 996 531 commutatae
1011 501 1158 532 vestrae
1174 492 1383 531 voluntatis
1398 505 1488 543 erga

163 566 244 592 me:
275 552 387 592 sinite
416 567 490 600 me,
521 555 628 603 quod
656 555 766 593 vobis
795 556 913 593 fretus
941 556 1030 593 huic
1059 569 1175 605 saepe
1200 555 1369 606 promisi,
1395 555 1436 594 id
1464 568 1488 593 a

72 627 148 665 104
165 618 275 656 vobis
304 618 339 656 ei
369 620 596 667 persolvere.
655 626 781 668 teque,
811 621 854 658 C.
881 621 1009 664 Flave,
1041 633 1110 658 oro
1139 628 1178 659 et
1207 621 1391 666 obtestor,
1420 618 1487 669 qui

165 696 341 721 meorum
367 682 618 720 consiliorum
645 682 685 720 in
715 684 920 722 consulatu
949 683 1089 731 socius,
1115 684 1375 733 periculorum
1402 696 1486 733 par-

164 747 297 797 ticeps,
327 760 464 793 rcrum,
493 760 588 796 quas
612 746 725 796 gessi,
756 747 909 786 adiutor
939 747 1054 794 fuisti,
1085 761 1226 797 meque
1254 761 1336 786 non
1364 747 1484 786 modo
1506 764 1536 780 10

164 812 313 848 salvum
342 804 504 859 semper,
536 811 605 848 sed
634 810 752 848 etiam
785 818 965 849 ornatum
993 812 1277 860 florentemque
1307 824 1391 850 esse
1423 824 1487 849 vo-

164 874 277 920 luisti,
299 882 341 912 ut
362 874 456 911 milri
482 887 550 923 per
575 875 646 911 hos
673 887 881 913 conserves
905 888 1006 922 eum,
1028 889 1097 925 per
1122 889 1240 925 quem
1266 888 1330 913 me
1353 875 1423 914 tibi
1449 885 1487 915 et

165 938 224 975 his
258 945 530 976 conservatum
567 937 686 975 vides.
759 939 871 988 plura
908 951 959 976 ne
988 938 1116 977 (licam
1149 946 1238 976 tuae
1274 951 1338 977 me
1370 938 1486 976 etiam

166 1001 347 1040 lacrimae
374 1000 598 1050 impediunt
631 1009 869 1051 vestraeque,
900 1002 1061 1049 iudices,
1091 1016 1172 1040 non
1203 1004 1330 1040 solum
1362 1015 1485 1050 meae,

166 1066 306 1115 quibus
327 1078 399 1115 ego
419 1078 563 1115 magno
582 1065 623 1102 in
643 1074 750 1104 metu
771 1079 859 1105 meo
880 1067 1010 1105 subito
1029 1067 1197 1105 inducor
1214 1066 1255 1104 in
1275 1080 1396 1117 spem,
1417 1081 1486 1106 vos
1506 1082 1536 1106 13

167 1131 327 1169 eosdem
359 1130 400 1167 in
433 1131 510 1168 hoc
547 1131 818 1169 conservando
856 1132 1014 1179 futuros,
1048 1131 1113 1180 qui
1149 1131 1294 1169 fueritis
1330 1131 1371 1169 in
1410 1145 1484 1178 me,

167 1194 354 1245 quoniam
373 1194 454 1232 istis
474 1194 608 1232 vestris
634 1195 799 1233 lacrimis
827 1190 877 1234 de
902 1195 975 1234 illis
1001 1196 1194 1243 recordor,
1216 1209 1312 1246 quas
1332 1209 1403 1247 pro
1424 1209 1488 1235 me

168 1273 285 1310 saepe
305 1267 342 1298 et
362 1259 527 1298 multum
547 1258 782 1309 profudistis.
