1593 2488
95 91 202 131 XIII
223 88 292 144 33]
357 91 476 130 PRO
518 91 603 130 CN.
640 91 906 130 PLANCIO
947 91 1167 130 ORATIO
1372 104 1418 140 13

95 178 253 229 quidem
274 175 396 228 possit
410 190 631 227 agnoscere.
671 175 893 216 bimaritum
913 178 1099 227 appellas,
1114 185 1156 216 ut
1170 179 1287 216 verba
1303 177 1419 216 etiam

94 244 228 292 fingas,
245 256 325 281 non
342 243 468 281 solum
487 240 659 279 crimina.
703 241 864 279 ductum
886 254 970 280 esse
986 242 1035 279 ab
1052 254 1100 280 eo
1119 241 1159 279 in
1179 242 1420 291 provinciam

94 307 264 357 aliquem
285 306 382 345 dicis
410 306 584 345 libidinis
608 319 738 353 causa,
760 307 868 355 quod
895 319 974 344 non
1001 305 1148 344 crimen
1175 314 1244 351 est,
1266 307 1334 344 sed
1355 306 1423 343 im-

94 372 274 422 punitum
304 371 344 409 in
369 370 580 409 maledicto
605 370 868 409 mendacium.
924 377 1074 419 raptam
1094 383 1179 408 esse
1202 369 1423 408 mimulam:

63 458 77 481 5
97 436 203 485 quod
232 435 372 474 dicitur
399 434 539 474 Atinae
572 435 718 472 factum
747 447 771 471 a
799 433 998 472 iuventute
1025 442 1156 472 vetere
1184 434 1356 483 quodam
1383 433 1423 470 in

96 497 298 537 scaenicos
323 498 404 536 iure
432 497 680 547 maximeque
706 497 920 547 oppidano.
977 509 1002 535 0
1021 496 1327 535 adulescentiam
1354 504 1424 533 tra·
1442 503 1490 540 31

95 563 257 601 ductam
282 563 497 612 eleganter!
525 561 588 600 cui
615 561 773 611 quidem
801 575 892 599 cum
918 562 1026 611 quod
1051 561 1202 599 licuerit
1221 560 1423 607 obiciatur,

95 634 229 666 tamen
262 627 304 666 id
334 627 464 677 ipsum
496 628 636 665 falsum
666 626 888 676 reperiatur.
948 626 1130 664 ‘emissus
1160 625 1281 675 aliqui
1306 639 1327 664 e
1346 638 1425 663 car-

96 693 208 731 cere.’
265 699 304 731 et
336 692 496 742 quidem
527 691 691 730 emissus
723 705 793 742 per
824 690 1139 741 imprudentiam,
1173 690 1348 737 emissus,
1382 697 1425 728 ut

47 778 78 794 ιο
97 756 303 808 cognostis,
324 756 531 796 necessarii
555 756 726 795 hominis
753 756 971 806 optimique
991 755 1251 795 adulescentis
1271 762 1424 805 rogatu:

96 821 201 860 idem
230 829 369 872 postea
395 821 684 872 praemandatis
712 821 931 871 requisitus.
989 829 1108 870 atque
1127 822 1225 859 haec
1251 833 1325 859 nee
1347 821 1426 857 ulla

96 886 172 924 alia
191 894 280 924 sunt
300 885 480 925 coniecta
505 886 715 924 maledicta
741 885 781 923 in
808 885 890 924 eius
910 884 1042 932 vitam,
1065 886 1114 923 de
1140 885 1249 923 cuius
1269 897 1339 922 vos
1358 897 1426 933 pu-

95 950 191 987 dore
216 948 407 998 religione
436 948 656 998 integritate
685 947 883 986 dubitetis.
943 949 1051 986 XIII
1088 951 1215 997 ‘pater
1237 949 1345 987 vero’
1371 949 1425 987 in-

98 1012 182 1062 quit
203 1013 338 1051 ‘etiam
359 1014 497 1051 obesse
516 1013 595 1050 filio
617 1011 758 1050 debet.'
807 1025 831 1051 o
850 1025 989 1050 vocem
1011 1013 1145 1050 duram
1166 1020 1285 1062 atque
1304 1013 1427 1063 indig-

49 1097 79 1119 15
98 1090 189 1115 nam
222 1085 289 1115 tua
316 1077 519 1126 probitate,
554 1076 792 1115 Laterensis!
832 1084 942 1126 pater
968 1084 1011 1114 ut
1036 1076 1076 1114 in
1099 1076 1245 1115 iudicio
1275 1077 1425 1127 capitis,

97 1149 207 1191 pater
226 1148 269 1179 ut
288 1140 327 1178 in
348 1140 599 1179 dimicatione
619 1141 872 1187 fortunarum,
896 1147 1007 1189 pater
1025 1147 1068 1178 ut
1087 1141 1194 1189 apud
1219 1141 1306 1179 talis
1324 1141 1426 1179 viros

98 1207 236 1244 obesse
256 1205 336 1242 filio
356 1205 521 1243 debeat?
547 1204 613 1253 qui
634 1203 665 1242 si
685 1212 786 1242 esset
802 1203 1058 1253 turpissimus,
1077 1204 1107 1241 si
1123 1204 1424 1252 sordidissimus,

97 1277 229 1308 tamen
254 1270 341 1319 ipso
361 1269 523 1307 nomine
548 1268 674 1318 patrio
694 1270 839 1307 valeret
865 1269 970 1317 apud
996 1268 1200 1307 clementis
1220 1269 1368 1308 iudices
1388 1278 1427 1309 et

96 1333 357 1372 misericordis
367 1347 377 1380 ;
411 1335 567 1380 valeret,
597 1334 769 1383 inquam,
800 1333 1001 1371 communi
1035 1346 1150 1371 sensu
1182 1334 1360 1372 omnium
1389 1343 1428 1373 et

45 1421 77 1438 20
97 1399 321 1438 dulcissima
348 1399 694 1437 commendatione
720 1406 893 1437 naturae.
952 1399 1021 1437 sed
1042 1412 1131 1436 cum
1152 1398 1198 1438 sit
1221 1401 1291 1438 Cn.
1317 1402 1428 1438 Plau·
1447 1401 1495 1438 32

96 1464 178 1502 cius
205 1463 238 1501 is
268 1476 387 1513 eques
408 1465 623 1510 Romanus,
653 1476 699 1501 ea
727 1463 896 1512 primum
918 1470 1114 1501 vetustate
1142 1464 1331 1512 equestris
1361 1478 1428 1503 no-

97 1526 225 1574 minis,
247 1534 289 1565 ut
309 1534 430 1576 pater,
451 1534 494 1565 ut
522 1540 628 1575 avus,
650 1533 693 1565 ut
712 1526 880 1564 maiores
900 1525 981 1564 eius
1006 1539 1145 1564 omnes
1175 1528 1327 1576 equites
1349 1530 1428 1567 Ro-

96 1590 202 1628 mani
229 1589 380 1636 fuerint,
403 1603 599 1628 summum
624 1589 665 1627 in
694 1591 938 1639 praefectura
964 1591 1236 1629 florentissima
1261 1593 1427 1640 gradum

95 1653 290 1693 tenuerint
310 1661 348 1692 et
369 1653 566 1703 dignitatis
588 1662 625 1692 et
645 1653 810 1703 gratiae3
830 1653 975 1692 deinde
996 1661 1038 1692 ut
1058 1655 1140 1704 ipse
1154 1654 1190 1691 in
1209 1655 1427 1704 legionibus

47 1746 78 1769 25
98 1722 138 1757 P.
171 1719 301 1759 Crassi
336 1718 578 1769 imperatoris
616 1719 717 1757 inter
754 1720 1021 1758 ornatissimos
1055 1720 1246 1768 homines,
1277 1722 1427 1772 equites

97 1785 312 1829 Romanos,
335 1796 489 1821 summo
511 1784 719 1833 splendore
738 1782 875 1821 fuerit:
909 1791 953 1821 ut
972 1792 1109 1833 postea
1128 1784 1308 1835 princeps
1329 1786 1429 1825 inter

97 1859 187 1884 suos
220 1846 473 1896 plurimarum
510 1860 640 1885 rerum
674 1847 942 1885 sanctissimus
972 1855 1009 1886 et
1037 1848 1269 1887 iustissimus
1298 1849 1426 1897 iudex,

95 1910 351 1948 maximarum
371 1910 603 1949 societatum
623 1919 770 1958 auctor,
791 1912 1046 1961 plurimarum
1065 1914 1249 1963 magister
1254 1929 1265 1962 3
1295 1914 1327 1952 si
1347 1928 1427 1953 non

95 1976 218 2013 modo
251 1974 291 2012 in
322 1987 369 2013 eo
397 1975 493 2012 nihil
521 1989 709 2025 umquam
738 1977 1028 2026 reprehensum,
1056 1979 1127 2016 sed
1152 1979 1310 2017 laudata
1338 1987 1428 2017 sunt

45 2064 78 2088 30
97 2039 239 2085 omnia,
257 2047 388 2077 tamen
408 2039 439 2077 is
459 2040 584 2078 oberit
603 2041 882 2079 honestissimo
901 2041 981 2079 filio
1002 2049 1121 2091 pater,
1137 2043 1204 2092 qui
1217 2045 1278 2082 vel
1298 2044 1426 2082 minus

96 2103 305 2143 honestum
326 2110 365 2141 et
383 2103 555 2141 alienum
575 2103 674 2142 tueri
693 2105 755 2142 vel
775 2105 1005 2144 auctoritate
1025 2119 1096 2144 sua
1114 2108 1176 2145 vel
1194 2108 1317 2156 gratia
1338 2121 1425 2157 pos-

97 2165 175 2205 sit?
230 2166 433 2216 ‘asperius'
463 2167 589 2217 inquit
613 2169 784 2207 ‘locutus
814 2177 872 2207 est
898 2169 1044 2219 aliquid
1067 2170 1304 2220 aliquando.'
1357 2171 1424 2210 im-
1446 2182 1496 2220 33

96 2231 354 2276 mohfortasse
381 2231 546 2273 liberius.
621 2234 676 2272 ‘at
703 2232 745 2272 id
773 2232 918 2283 ipsum'
948 2233 1074 2284 inquit
1106 2237 1202 2274 ‘non
1223 2242 1281 2274 est
1300 2236 1424 2274 feren-
