1593 2488
98 101 117 149 g
134 96 224 150 104]
666 97 870 136 NOTES
1349 110 1426 147 203

161 185 185 215 1.
205 187 256 215 17.
300 184 380 214 istis
394 185 522 214 vestris
536 184 690 214 lacrimas
706 184 748 214 de
763 184 836 213 ima
851 183 1022 220 recordor,
1042 190 1131 220 quas
1146 182 1230 221 eet.]
1257 182 1316 223 ‘by
1332 182 1426 214 those

99 231 183 258 tears
203 226 241 258 of
260 236 357 267 yours
382 226 398 257 I
423 237 475 257 arn
497 225 667 256 reminded
689 226 732 264 of,
759 225 776 256 Ι
797 225 894 257 think
909 236 1009 266 upon,
1029 225 1085 256 the
1101 225 1211 256 others
1226 225 1335 256 which
1351 225 1424 256 etc.¹

98 269 151 300 Cf.
165 279 212 300 or.
228 279 262 310 p.
281 268 364 300 Sest.
386 270 403 306 ἓ
425 279 437 300 1
455 269 493 300 de
506 269 610 299 unius
624 268 780 309 cuiusque
797 279 874 299 casu
895 269 1060 309 cogitando
1083 268 1295 306 recordari,
1321 279 1367 299 or.
1388 279 1420 309 p.

96 311 206 352 Ligar.
223 313 240 349 ξ
258 319 296 351 35
313 316 342 342 te
357 311 492 352 aliquid
501 312 538 342 de
553 311 652 341 huius
667 311 722 342 z'llo
736 311 915 352 quaestorio
935 311 1032 351 qfficio
1055 311 1271 348 recordari,
1293 311 1335 342 de
1355 311 1422 342 inv.

97 362 110 385 1
132 356 149 392 ἓ
179 355 238 386 108
252 355 399 394 petimus
424 358 463 385 ut
483 354 521 384 de
545 354 616 384 suis
641 354 748 385 liberis
771 358 833 385 aut
850 354 1049 394 parentibus
1074 358 1136 384 aut
1157 354 1267 395 aliquo
1290 353 1350 395 qui
1373 354 1426 385 illi

93 397 200 428 debeat
213 407 311 427 carus
324 408 395 435 esse,
415 407 472 428 nos
487 407 561 427 cum
576 397 719 435 videant,
739 397 1006 428 recordentur.

157 475 179 504 1.
199 477 249 505 18.
294 481 398 512 saepe
414 477 450 506 et
464 474 629 514 multum]
653 477 768 516 ‘many
783 485 803 505 a
817 474 897 506 time
912 474 977 505 and
993 473 1056 506 oft’
1071 477 1139 511 not,
1155 484 1191 505 as
1208 474 1305 514 Long
1319 477 1422 506 trans-

94 516 176 547 lates
191 516 226 554 it,
250 517 356 548 ‘osten
371 518 437 548 and
454 516 647 558 copiously.’
692 517 743 549 Cf.
766 517 808 549 de
833 518 917 558 legg.
947 525 991 548 111
1016 518 1034 555 ἓ
1059 527 1097 557 33
1121 517 1158 548 in
1178 528 1212 548 re
1234 517 1364 558 dffcz'li
1385 528 1424 548 ac

93 559 264 590 multum
279 565 313 591 et
326 565 433 599 saepe
447 561 603 601 quaesita,
623 560 664 591 de
680 560 747 591 inv.
765 568 777 591 1
794 561 811 598 ξ
831 570 842 590 ῑ
869 565 978 601 saepe
991 564 1026 590 et
1038 561 1206 591 multum
1225 560 1282 591 hoc
1301 570 1422 591 mecum

90 602 238 640 cogitavi,
257 613 302 634 or.
322 613 355 644 p.
376 603 509 643 Quinct.
527 605 543 641 ξ
561 614 577 643 3
595 604 630 633 in
647 603 707 634 lzac
721 614 818 634 causa
839 604 971 634 multu
980 614 1012 634 m
1032 607 1067 634 et
1081 608 1193 643 saepe
1207 607 1359 640 versatus,
1379 603 1422 634 de

92 644 148 674 off.
167 652 194 675 11
211 646 228 683 ἓ
245 655 286 677 20
301 645 323 676 1.
343 657 395 685 24.
437 646 487 677 Cf.
503 646 558 677 the
574 646 708 688 phrases
725 647 868 677 mullum
883 650 913 678 et
926 646 996 683 diu,
1008 646 1068 677 diu
1083 646 1298 688 multumque,
1311 645 1421 678 which

89 697 147 718 are
161 698 238 729 very
255 698 409 720 common
424 689 459 720 in
476 689 546 721 Cic.

567 1311 646 1335 END
669 1311 716 1336 OF
738 1312 815 1337 THE
838 1311 957 1338 NOTES
