1626 2488
236 111 309 136 222
625 99 746 138 PRO
788 101 875 140 CN.
910 101 1174 140 PLANCIO

877 223 908 254 D

235 283 268 316 C.
301 284 437 316 Duilius
471 284 595 327 primus
626 286 851 318 Romanorum
882 287 984 319 classe
1015 288 1143 319 Poenos
1172 288 1302 327 devicit,
1333 298 1401 320 cos.
1424 298 1456 320 a.
1481 287 1554 328 260,

273 337 315 369 60
331 348 372 380 ²9

229 390 486 430 Dyrrhachium,
516 391 620 422 libera
644 392 757 423 civitas
790 393 913 433 Illyrici
942 393 987 431 (h.
1020 394 1221 434 Durazzo),
1250 396 1337 427 unde
1360 395 1395 426 in
1429 395 1560 427 Italiam

273 444 437 484 traiectus,
454 445 627 486 hospitalis
643 446 676 476 in
694 446 763 478 Cic.
784 446 929 477 exsulem
948 447 987 478 98
1008 457 1046 487 14

874 554 901 584 F

233 627 269 666 Q.
297 627 418 658 Fabius
440 628 614 659 lllaxz'mus
636 629 868 669 Allobrogicus,
895 629 989 661 Lucii
1015 630 1151 662 Aemilii
1176 632 1269 663 Pauli
1293 642 1406 674 nepos,
1433 641 1499 664 cos.
1529 641 1558 663 a.

275 690 345 718 12¹,
371 682 477 712 fornix
507 683 596 713 iuxta
628 682 767 723 Regiam
798 683 830 713 in
855 693 947 714 saera
976 684 1029 714 via
1060 685 1125 715 ima
1154 685 1373 726 Allobrogum
1397 685 1558 717 victorum

271 736 434 766 manubiis
450 735 492 766 ab
509 746 548 766 eo
564 746 698 767 censore
713 747 744 766 a.
765 737 823 767 108
840 742 1021 768 exstructus
1038 737 1078 770 17
1096 748 1135 778 3²

231 789 269 827 Q.
287 785 408 819 Fabiu's
430 790 605 820 sllaximus
634 790 827 821 Verrucosus
854 791 1000 827 Ovicula,
1033 792 1211 822 Cttnstator
1232 792 1288 824 ille
1315 792 1555 831 celeberrimus,

271 841 312 872 de
336 852 401 883 quo
424 843 550 873 Ennius
574 846 678 874 ‘unus
701 844 802 875 homo
828 844 924 875 nobis
953 845 1138 876 cunctando
1163 845 1300 877 restituit
1325 845 1411 877 rern'
1433 856 1497 878 cos.
1519 853 1554 878 v.

270 906 300 927 a.
334 904 514 938 233—209,
541 896 724 928 Tarentum
754 898 887 939 recepit,
917 899 1042 930 bellum
1068 899 1229 931 Punicum
1259 899 1438 931 secundum
1467 909 1557 932 ener-

271 950 370 986 vavit,
395 950 437 981 60
456 960 495 989 30

224 1000 352 1034 'Fabius
366 1002 490 1044 fornix
513 1013 606 1034 arcus
633 1007 682 1035 est
707 1003 798 1035 iuxta
823 1005 963 1046 Regiam
990 1005 1025 1037 in
1052 1016 1144 1037 sacra
1170 1005 1224 1037 via
1250 1006 1317 1037 ima
1340 1017 1358 1037 a
1382 1005 1425 1047 Q.
1451 1006 1557 1038 Fabio

271 1057 419 1088 Maximo
436 1063 639 1089 constructus
656 1058 696 1090 17
713 1068 751 1099 32

231 1111 333 1142 Gaius
344 1111 514 1142 Fabricius
531 1112 700 1150 Luscinus,
720 1123 784 1144 cos.
806 1123 837 1144 a.
862 1115 935 1151 282,
950 1115 1023 1154 278,
1042 1123 1080 1153 ἠ·
1086 1124 1113 1154 3,
1126 1114 1340 1156 triumphavit
1357 1114 1398 1146 de
1414 1114 1557 1147 Lucanis

270 1165 406 1197 Bruttiis
431 1166 633 1198 Samnitibus
656 1167 862 1206 Tarentinis3
887 1168 1065 1200 clarissima
1087 1169 1156 1200 eius
1181 1169 1223 1200 ad
1251 1169 1411 1210 Pyrrhum
1435 1169 1557 1211 legatio

269 1219 312 1251 60
328 1221 368 1252 28

226 1273 382 1305 Flaccus:
403 1284 435 1304 v.
447 1284 472 1305 s.
497 1274 643 1306 Valerius
657 1279 689 1306 et
704 1275 848 1306 Laenius

225 1327 413 1362 Flaminius
427 1328 540 1366 circus,
560 1338 580 1358 a
597 1327 632 1359 C.
654 1328 820 1360 Flaminio
836 1339 887 1365 eo,
904 1328 961 1371 qui
981 1330 1024 1361 ad
1045 1329 1153 1361 lacum
1168 1330 1408 1361 Trasumenum
1424 1329 1554 1366 occidit,

268 1381 430 1419 conditus,
464 1386 554 1412 extra
583 1386 713 1423 portam
747 1382 1000 1422 Carmentalem,
1030 1392 1128 1424 saepe
1158 1382 1366 1414 contionibus
1395 1382 1556 1414 habendis

268 1434 464 1466 inserviebat
482 1435 522 1466 55
539 1445 579 1466 22

231 1488 331 1519 Gaius
355 1489 493 1520 Flavius
514 1489 679 1526 Fimbria,
704 1489 806 1520 homo
827 1500 941 1528 novus,
969 1489 1020 1520 vir
1044 1490 1170 1528 bonus3
1201 1489 1278 1521 satis
1308 1489 1419 1530 magni
1447 1489 1498 1521 vir
1522 1493 1556 1521 et

268 1541 369 1573 animi
392 1547 424 1573 et
447 1542 575 1573 consilii
594 1542 633 1572 12
652 1552 702 1583 31,
729 1553 793 1574 cos,
814 1554 844 1574 a.
867 1554 935 1582 104,
963 1544 1131 1575 tribunatu
1153 1543 1260 1585 plebis
1282 1544 1474 1584 praeteritus
1492 1548 1551 1582 est,

270 1595 314 1636 Q.
331 1596 450 1627 Catulo
467 1597 500 1627 in
516 1597 687 1628 consulatu
702 1598 847 1639 petendo
862 1598 1026 1639 praelatus
1043 1598 1083 1628 52
1103 1608 1114 1628 ι
1123 1609 1140 1639 3

227 1651 369 1683 Flavus:
391 1662 420 1683 v.
432 1661 457 1683 s.
474 1651 588 1692 Alfius

911 1773 941 1804 G

230 1845 332 1881 Gabii,
353 1844 566 1886 municipium
591 1846 756 1886 Latinum,
784 1849 893 1880 medio
924 1849 1009 1880 inter
1036 1849 1177 1879 Romam
1202 1853 1234 1880 et
1266 1849 1440 1880 Praeneste
1465 1848 1551 1880 Ioco.

271 1898 362 1930 Hinc
381 1899 507 1929 Gabina
523 1900 672 1931 vicinitas
689 1901 728 1931 23
746 1913 763 1942 3

226 1953 269 1983 A.
293 1952 450 1983 Gabinius
474 1957 512 1983 tr.
531 1953 577 1994 pl.
592 1964 619 1984 a„
640 1953 682 1994 67
706 1955 780 1986 tulit
795 1960 830 1987 ut
847 1956 909 1987 Cn.
939 1957 1098 1998 Pompeio
1120 1957 1295 1998 imperium
1322 1962 1436 1988 contra
1459 1968 1552 1999 prae-

268 2007 370 2039 dones
393 2008 595 2046 traderetur3
619 2018 693 2039 cum
715 2009 859 2040 Catilina
883 2014 916 2041 et
937 2009 1058 2041 Clodio
1083 2010 1274 2042 coniunctus
1297 2011 1339 2043 87
1355 2021 1416 2050 243
1437 2021 1505 2042 cos.
1521 2022 1551 2043 a.

269 2063 310 2101 58
336 2072 410 2093 cum
435 2062 562 2101 Pisone,
589 2073 617 2093 a.
650 2070 774 2103 57—55
805 2064 932 2103 Syriam
958 2065 1208 2104 administravit,
1227 2065 1365 2106 pecunia
1382 2069 1552 2107 corruptus

268 2125 319 2146 res
335 2114 532 2145 Iudaeorum
559 2119 591 2145 et
615 2116 853 2156 Aegyptiorum
877 2116 1056 2154 constituit,
1073 2117 1250 2148 exercitum
1272 2117 1419 2148 vendidit
1441 2116 1482 2148 86
1499 2127 1546 2157 11,

268 2178 415 2199 reversus
430 2168 617 2209 maiestatis,
634 2170 898 2210 repetundarum,
917 2170 1059 2202 ambitus
1075 2175 1243 2202 accusatus
1259 2175 1292 2202 et
1306 2170 1348 2202 de
1363 2170 1550 2212 repetundis

267 2222 440 2253 damnatus
454 2227 513 2253 est.
