1593 2488
117 112 196 150 XX
215 109 282 164 49]
364 111 483 149 PRO
525 111 612 149 CN.
643 110 908 149 PLANCIO
951 110 1173 151 ORATIO
1386 126 1432 162 19

114 199 216 238 tribu
237 197 450 245 Plancium,
472 199 581 248 quod
601 197 732 236 multis
751 197 920 247 benigne
940 198 1085 246 fecerit,
1105 211 1176 248 pro
1198 199 1330 238 multis
1350 213 1438 250 spo-

113 262 306 313 ponderit,
337 262 377 300 in
415 274 554 311 operas
592 262 779 311 plurimos
816 262 935 311 patris
973 262 1204 300 auctoritate
1241 271 1280 301 et
1316 263 1438 312 gratia

113 325 270 373 miserit,
297 325 404 375 quod
431 325 603 374 denique
631 325 814 363 omnibus
843 325 979 363 officiis
1007 338 1077 374 per
1102 338 1154 372 se,
1180 339 1248 375 per
1274 335 1435 376 patrem,

113 403 183 440 per
200 389 365 428 maiores
391 403 482 428 suos
507 397 630 428 totam
649 389 850 428 Atinatem
875 391 1155 439 praefecturam
1181 392 1433 440 comprehen-

80 475 95 500 ⁵
113 454 220 501 derit,
241 453 295 492 sic
315 461 356 491 tu
382 454 482 492 doce
509 460 748 503 sequestrem
774 453 901 498 fuisse,
923 453 1102 502 largitum
1128 466 1224 500 esse,
1246 454 1438 504 conscrip-

111 518 216 566 sisse,
247 516 394 556 tribulis
423 516 692 555 decuriavisse.
735 517 842 566 quod
871 516 903 554 si
928 529 1009 554 non
1037 525 1161 565 potes,
1191 516 1273 554 noli
1300 519 1436 556 tollere

111 595 158 621 ex
183 582 320 620 ordine
350 590 483 620 nostro
511 581 794 629 liberalitatem,
820 580 901 620 noli
926 581 1161 620 maleficium
1189 590 1326 631 putare
1351 595 1435 621 esse

109 646 281 696 gratiam,
304 645 383 683 noli
404 645 691 684 observantiam
711 645 860 683 sancire
880 658 1023 694 poena.

182 710 591 760 Itaquehaesitantem
606 717 645 748 te
658 710 697 747 in
704 711 782 748 hoc
795 709 1068 748 sodaliciorum
1077 710 1261 750 tribuario
1273 710 1434 751 crimine

63 797 94 814 10
110 777 161 815 ad
187 788 439 814 communem
468 775 636 813 ambitus
656 788 812 813 causam
833 774 1043 822 contulisti,
1059 773 1099 812 in
1120 788 1198 824 qua
1213 775 1435 815 desinamus

109 841 333 891 aliquando,
356 841 388 879 si
405 839 568 886 videtur,
589 840 735 890 volgari
755 848 793 878 et
812 848 1021 890 pervagata
1040 841 1325 880 declamatione
1345 855 1435 881 con-

109 905 280 943 tendere.
339 903 393 941 sic
423 903 529 941 enim
557 912 687 941 tecum
713 916 810 953 ago:
840 917 958 953 quam
980 903 1052 942 tibi
1077 906 1331 943 commodum
1361 913 1429 955 est,
1451 914 1501 951 48

109 969 251 1008 tribum
281 982 400 1007 unam
432 968 578 1017 delige:
611 976 653 1006 tu
685 970 797 1016 doce,
829 969 869 1007 id
903 969 1010 1018 quod
1042 969 1176 1016 debeS,
1207 983 1278 1019 per
1314 983 1432 1020 quern

109 1041 359 1084 sequestrem,
381 1047 460 1083 quo
488 1034 654 1072 divisore
680 1042 860 1084 corrupta
883 1034 954 1071 sit:
983 1047 1067 1083 ego,
1090 1034 1122 1071 si
1140 1033 1181 1072 id
1199 1036 1326 1073 facere
1351 1049 1432 1074 non

63 1118 93 1141 15
109 1097 290 1147 potueris,
313 1098 432 1146 quod,
457 1104 498 1134 ut
523 1096 656 1146 opinio
682 1110 772 1135 mea
796 1099 878 1143 fert,
899 1110 950 1135 ne
978 1097 1139 1146 incipies
1169 1098 1340 1147 quidem,
1362 1112 1433 1149 per

109 1175 227 1211 quem
252 1161 380 1200 tulerit
401 1162 566 1200 docebo.
625 1170 734 1200 estne
760 1163 858 1200 haec
877 1175 968 1200 vera
995 1162 1226 1201 contentio?
1252 1165 1432 1213 placetne

109 1227 164 1265 sic
183 1226 273 1277 agi?
326 1240 420 1264 num
443 1239 604 1276 possum
630 1226 752 1277 magis
777 1229 920 1277 pedem
946 1228 1131 1274 conferre,
1154 1236 1196 1266 ut
1224 1228 1344 1276 aiunt,
1365 1239 1431 1268 aut

107 1293 266 1342 propius
300 1294 516 1332 accedere?
587 1293 684 1342 quid
717 1294 851 1331 taces?
906 1292 1001 1342 quid
1034 1292 1282 1331 dissimulas?
1336 1293 1429 1343 quid

107 1356 393 1405 tergiversaris?
432 1356 548 1395 etiam
569 1366 686 1406 atque
707 1356 823 1395 etiam
843 1356 946 1394 insto
966 1364 1083 1405 atque
1102 1369 1232 1406 urgeo,
1249 1356 1427 1403 insector,

57 1443 91 1461 20
106 1432 228 1469 posco
265 1427 383 1468 atque
422 1421 523 1458 adeo
563 1420 694 1470 flagito
731 1420 887 1458 crimen.
949 1432 1235 1469 quamcumque
1273 1421 1426 1467 tribum,

106 1483 278 1532 inquam,
310 1484 509 1532 delegeris,
549 1497 667 1532 quam
708 1484 837 1522 tulerit
878 1484 1071 1531 Plancius,
1096 1491 1138 1521 tu
1167 1484 1375 1532 ostendito,
1398 1486 1429 1523 si

105 1548 286 1598 potueris,
321 1548 481 1587 vitium:
522 1563 595 1599 ego
624 1562 702 1598 qua
728 1549 879 1587 ratione
918 1548 1048 1587 tulerit
1078 1549 1241 1587 docebo.
1299 1563 1428 1600 neque

105 1612 176 1651 erit
211 1613 309 1650 haec
342 1613 418 1650 alia
453 1613 551 1651 ratio
586 1612 747 1651 Plancio
780 1625 827 1650 ac
859 1612 940 1660 tibi,
976 1613 1208 1651 Laterensis,
1266 1627 1358 1651 nam
1386 1622 1428 1652 ut

105 1689 201 1726 quas
224 1676 345 1715 tribus
375 1685 417 1716 tu
447 1677 577 1726 tulisti,
602 1677 633 1716 si
662 1678 740 1716 iam
760 1691 807 1716 ex
826 1685 864 1716 te
883 1677 1088 1726 requiram,
1109 1670 1235 1727 possis
1261 1692 1425 1728 quorum

56 1763 88 1786 25
104 1740 233 1778 studio
271 1741 401 1779 tuleris
441 1741 644 1790 explicare,
687 1740 743 1778 sic
788 1754 862 1791 ego
905 1741 983 1778 hoc
1015 1743 1227 1788 contendo,
1261 1756 1324 1781 me
1357 1743 1427 1782 tibi

103 1804 177 1854 ipsi
218 1805 448 1852 adversario,
479 1805 760 1855 cuiuscumque
797 1805 918 1844 tribus
954 1805 1148 1843 rationem
1184 1807 1424 1857 poposceriS,

104 1868 356 1907 redditurum.

183 1935 261 1971 XX
317 1935 395 1973 Sed
414 1948 482 1972 cur
502 1933 556 1972 sic
575 1937 680 1984 ago?
707 1935 819 1984 quasi
838 1948 919 1974 non
940 1935 1107 1974 comitiis
1126 1936 1203 1974 iam
1225 1936 1426 1986 superiori·
1443 1944 1492 1980 49

103 1998 176 2036 bus
204 1998 252 2037 sit
281 1999 460 2038 Plancius
489 1999 712 2049 designatus
741 2000 900 2038 aedilis:
944 2014 1045 2050 quae
1075 2002 1234 2040 comitia
1257 2003 1425 2052 primum

56 2079 88 2102 30
104 2062 246 2100 habere
272 2062 402 2112 coepit
421 2064 557 2101 consul
577 2076 667 2102 cum
690 2064 872 2102 omnibus
892 2063 933 2102 in
952 2066 1065 2103 rebus
1086 2078 1239 2104 summa
1263 2066 1426 2104 auctori-

104 2132 182 2163 tate
195 2133 278 2163 tum
289 2126 423 2164 harum
437 2126 606 2176 ipsarum
621 2128 752 2177 legum
767 2128 936 2166 ambitus
950 2137 1086 2167 auctor
1093 2143 1105 2177 3
1124 2130 1268 2168 deinde
1283 2131 1425 2168 habere

103 2187 234 2237 coepit
253 2188 380 2227 subito
399 2198 552 2239 praeter
571 2190 799 2239 opinionem
825 2192 1013 2239 omniurn,
1034 2200 1077 2230 ut
1096 2206 1146 2230 ne
1167 2193 1198 2231 si
1218 2193 1425 2242 cogitasset

104 2252 264 2301 quidem
288 2253 414 2303 largiri
438 2253 642 2304 quispiam,
663 2255 820 2296 daretur
843 2256 1011 2305 spatium
1035 2257 1298 2306 comparandi.
1356 2269 1423 2296 vo-

1200 2343 1309 2373 2—2
