1626 2488
145 104 193 141 28
480 105 541 143 M
578 107 758 144 TVLLI
792 106 1119 145 CICERONIS
1188 104 1392 158 [XXVIII
1414 109 1463 145 68

75 189 124 226 68
223 192 410 229 XXVIII
466 193 569 229 Nam
599 193 706 241 quod
736 191 802 238 ais,
835 192 957 237 Cassi,
989 206 1069 230 non
1097 194 1183 242 plus
1212 206 1275 232 me
1305 193 1465 233 Plancio

142 256 284 294 debere
305 270 421 305 quam
443 256 558 295 bonis
579 257 774 303 omnibus,
797 258 903 306 quod
925 257 978 295 eis
998 271 1122 307 aeque
1148 272 1236 296 mea
1256 260 1358 297 salus
1377 273 1467 298 cara

141 321 263 367 fuerit,
286 334 358 370 ego
388 335 450 360 me
480 323 622 360 debere
642 322 756 360 bonis
785 321 968 360 omnibus
997 323 1142 362 fateor:
1172 324 1243 361 scd
1271 323 1389 361 etiam
1416 323 1462 369 ei,

141 385 282 435 quibus
304 399 374 436 ego
396 387 534 430 debeo,
553 386 647 424 boni
662 386 730 424 viri
752 393 789 425 et
805 387 907 424 cives
924 386 1091 425 comitiis
1112 387 1298 426 aediliciis
1318 388 1466 438 aliquid

142 462 183 488 se
203 463 291 488 meo
312 450 472 488 nomine
494 450 819 489 Plancio-debere
835 450 1029 489 dicebant.
1070 465 1202 490 verum
1219 453 1279 490 sac
1296 466 1357 491 me
1373 453 1466 490 mul-
1502 467 1516 491 5

141 514 189 552 tis
205 515 347 553 debere
364 523 400 553 ct
416 513 456 552 in
473 515 525 554 eis
542 516 719 554 Plancio:
741 524 868 554 utrum
891 516 1004 565 igitur
1023 530 1086 555 1116
1106 518 1336 556 conturbare
1356 531 1467 568 opor-

142 587 196 617 tet
216 592 265 616 an
286 579 434 626 ceteris,
457 593 545 618 cum
573 581 761 630 cuiusque
783 581 866 619 dies
886 582 1045 628 venerit,
1068 582 1159 620 huic
1178 596 1335 630 nomen,
1358 585 1466 633 quod

140 652 259 693 urget,
283 657 397 690 nunc,
420 658 510 682 cum
537 645 690 694 petitur,
715 645 949 685 dissolvere?
1003 660 1240 697 quamquam
1269 648 1465 687 dissimilis

141 714 199 744 est
220 707 408 755 pecuniae
429 708 577 746 debitio
598 716 636 746 ct
655 708 821 757 gratiae:
852 722 943 746 nam
964 709 1029 758 qui
1049 710 1255 758 pecuniam
1276 711 1463 759 dissolvit,

141 772 270 810 statim
300 786 388 814 11011
409 774 527 811 habet
556 773 606 819 id,
630 774 735 823 quod
766 774 955 822 reddidit3
989 774 1055 823 qui
1083 783 1214 813 autem
1243 777 1371 822 debet,
1400 790 1464 815 aes
1482 796 1513 813 ιο

140 838 279 876 retinet
308 838 495 876 alienum:
530 839 691 888 gratiam
722 846 854 876 autem
887 846 924 877 et
953 839 1019 888 qui
1048 841 1160 878 rcsert
1180 841 1304 878 ‘habet
1333 849 1372 879 et
1400 841 1464 890 qui

141 904 260 942 habet
294 903 333 940 in
369 916 416 941 eo
449 902 546 952 ipso,
581 904 689 952 quod
722 904 850 950 habet,
886 905 1010 942 refert,
1085 917 1214 953 neque
1252 918 1325 954 ego
1363 919 1466 944 nunc

142 968 302 1006 Plancio
328 967 505 1005 desinam
533 968 687 1014 debere,
711 967 742 1005 si
762 968 838 1006 hoc
867 969 1030 1015 solvero,
1062 981 1135 1006 nec
1163 968 1292 1007 minus
1321 969 1357 1008 ei
1384 971 1468 1008 resl-

71 1036 121 1073 69
141 1035 273 1072 derem
294 1035 494 1072 voluntate
515 1034 609 1082 ipsa,
633 1033 664 1071 si
684 1035 759 1071 hoc
780 1033 983 1071 molestiae
1005 1047 1085 1071 non
1101 1033 1317 1072 accidisset.
1353 1047 1468 1083 quae-

139 1099 189 1137 ris
209 1113 232 1137 a
251 1112 324 1144 me,
350 1099 471 1144 Cassi,
496 1098 591 1147 quid
610 1112 680 1148 pro
700 1099 814 1136 fratre
835 1111 936 1144 meo,
955 1097 1021 1147 qui
1041 1097 1136 1135 mihi
1157 1105 1214 1136 est
1234 1098 1463 1145 carissimus,
1484 1117 1514 1141 15

140 1164 236 1214 quid
264 1177 334 1215 pro
364 1163 460 1202 meis
493 1163 632 1209 liberis,
656 1163 797 1213 quibus
826 1163 922 1200 nihil
951 1162 1045 1200 mihi
1074 1171 1202 1212 potest
1227 1176 1309 1202 6556
1335 1164 1467 1201 iucun-

141 1228 238 1275 dius,
270 1228 436 1278 amplius
468 1241 585 1276 quam
613 1240 683 1276 pro
714 1226 876 1264 Plancio
909 1227 1009 1264 facio
1044 1228 1170 1264 facere
1201 1226 1361 1276 possim,
1392 1239 1467 1265 nec

139 1293 249 1331 vides
274 1292 437 1330 istorum
467 1292 639 1341 ipsorum
667 1290 824 1329 caritate
851 1292 901 1329 ad
921 1291 1036 1329 huius
1066 1292 1230 1329 salutem
1256 1292 1468 1330 defenden-

140 1359 232 1396 dam
262 1357 430 1395 maxime
457 1355 645 1394 stimulari
674 1369 736 1393 me
766 1364 883 1405 atque
912 1356 1078 1394 excitari.
1120 1370 1212 1394 nam
1236 1370 1364 1406 neque
1392 1357 1466 1395 illis

139 1421 251 1460 huius
279 1423 412 1468 salute,
435 1435 458 1459 a
485 1434 562 1470 quo
592 1434 722 1458 meam
749 1420 878 1459 sciunt
905 1434 988 1459 esse
1017 1423 1231 1467 defensam,
1255 1421 1463 1470 quicquam
1483 1441 1515 1457 20
1545 1447 1554 1452 -

140 1495 198 1526 est
227 1487 408 1536 optatius,
433 1494 470 1524 et
499 1499 571 1535 ego
602 1486 684 1535 ipse
714 1500 927 1536 numquam
958 1487 1044 1524 illos
1071 1486 1217 1536 aspicio
1247 1487 1352 1536 quin,
1375 1500 1465 1524 cum

139 1566 208 1602 per
222 1553 327 1590 hunc
342 1565 404 1590 me
421 1551 475 1590 eis
496 1559 767 1590 conservatum
784 1565 868 1590 esse
884 1551 1140 1599 meminerim,
1158 1552 1270 1590 huius
1286 1552 1465 1591 meritum

140 1619 181 1657 in
201 1632 265 1656 me
285 1619 474 1656 recorder.

221 1683 425 1732 Opimium
455 1684 684 1720 damnatum
714 1695 798 1720 esse
826 1695 1122 1728 commemoras,
1149 1689 1384 1721 servatorem
1413 1682 1467 1732 ip-

140 1761 227 1786 sum
247 1747 301 1785 rei
321 1748 517 1797 publicae3
549 1747 746 1786 Calidium
767 1747 956 1796 adiungis,
979 1747 1089 1784 6111115
1109 1748 1194 1796 lege
1215 1748 1262 1796 Q.
1283 1749 1465 1786 Metellus
1484 1767 1514 1791 25

140 1814 180 1852 in
214 1813 410 1852 civitatem
443 1812 491 1851 sit
521 1813 745 1851 restitutus:
784 1812 1036 1862 reprehendis
1067 1826 1174 1850 meas
1203 1826 1274 1862 pro
1304 1813 1466 1851 Plancio

140 1893 286 1930 preces,
303 1880 410 1928 quod
431 1892 559 1927 neque
579 1877 759 1927 Opimius
781 1890 852 1915 suo
878 1877 1038 1915 nomine
1058 1877 1242 1915 liberatus
1263 1877 1312 1916 sit
1337 1890 1466 1928 neque

142 1947 188 1995 Q.
222 1944 374 1983 Metelli
404 1944 590 1983 Calidius.
669 1943 812 1980 XXIX
858 1942 909 1980 de
940 1941 1093 1981 Calidio
1127 1941 1198 1979 tibi
1227 1949 1378 1980 tantum
1411 1954 1468 1980 re-

141 2011 331 2060 spondeo,
354 2010 462 2058 quod
483 2008 565 2058 ipse
585 2008 683 2046 vidi:
715 2009 761 2056 Q.
782 2008 988 2045 Metellum
1007 2007 1117 2044 Pium
1138 2008 1340 2045 consulem
1360 2020 1467 2057 prae-

141 2075 247 2114 toriis
287 2074 465 2121 comitiis,
497 2081 655 2123 petente
698 2074 746 2121 Q.
777 2072 945 2118 Calidio,
978 2073 1127 2122 populo
1162 2074 1345 2110 Romano
1379 2085 1466 2122 sup·
1483 2090 1516 2113 30

141 2140 316 2192 plicasse‚
351 2153 441 2177 cum
479 2138 639 2188 quidem
679 2150 759 2175 non
797 2136 992 2176 dubitaret
1030 2144 1068 2175 et
1105 2137 1243 2175 consul
1276 2143 1314 2174 et
1344 2137 1466 2174 homo

143 2206 406 2246 nobilissimus
438 2212 648 2255 patronum
681 2216 766 2241 esse
794 2202 902 2240 illurn
935 2215 1050 2240 suum
1085 2209 1123 2240 et
1157 2201 1325 2239 familiae
1358 2201 1466 2239 nobi-

77 2273 127 2312 70
144 2272 314 2312 lissimae
339 2270 478 2310 dicere.
537 2282 616 2319 quo
644 2269 733 2307 1060
760 2280 905 2318 quaero
928 2279 976 2306 ex
1003 2274 1042 2305 te
1068 2279 1161 2305 num
1191 2265 1231 2305 id
1257 2265 1296 2304 in
1322 2265 1467 2305 iudicio
