1593 2488
127 86 173 123 16
468 76 529 122 M.
564 83 742 122 TVLLI
775 83 1099 123 CICERONIS
1264 80 1378 137 [XVI
1400 85 1450 134 38

123 171 244 209 tribus
267 168 448 209 edidisti?
493 169 730 216 Teretinam,
753 170 882 208 credo.
941 168 1020 207 fuit·
1036 176 1139 208 certe
1159 168 1201 208 id
1220 181 1391 219 aequum
1411 176 1452 207 et

122 243 226 275 certe
245 242 514 285 exspectatum
533 242 592 273 est
613 243 650 273 et
679 234 750 272 fuit
776 234 938 283 dignum
966 233 1187 272 constantia
1206 241 1284 272 tua.
1341 233 1452 272 cuius

122 309 165 339 tu
185 301 305 338 tribus
324 300 568 338 venditorem
588 307 626 338 et
646 307 911 348 corruptorem
933 306 970 336 et
990 305 1229 347 sequestrem
1250 297 1452 336 Plancium

122 365 240 403 fuisse
268 363 456 411 clamitas,
478 377 566 402 eam
595 363 738 401 tribum
766 364 955 412 profecto,
986 362 1320 401 severissimorum
1347 375 1473 412 prae-·

124 428 255 467 sertim
275 427 480 466 hominum
511 435 549 466 et
574 426 899 476 gravissimorum,
921 427 1038 465 edere
1067 425 1246 464 debuisti.
1305 433 1345 465 at
1363 427 1455 465 Vol-

124 491 278 531 tiniam:
309 491 403 530 libet
423 491 527 529 enim
548 491 618 529 tibi
638 491 772 530 nescio
792 491 886 540 quid
915 491 1031 529 etiam
1053 492 1101 529 de
1122 491 1187 529 illa
1212 492 1312 530 tribu
1332 491 1456 530 crimi-

124 555 232 594 nari:
262 556 364 593 hanc
384 555 497 604 igitur
517 553 643 604 ipsam
663 567 731 591 cur
750 568 830 593 non
851 554 1032 592 edidisti?
1069 555 1164 603 quid
1186 555 1345 594 Plancio
1364 568 1454 593 cum

126 619 340 658 Lemonia?
368 619 462 668 quid
483 632 571 656 cum
587 619 825 658 Oufentina?
854 618 948 668 quid
970 632 1058 657 cum
1074 619 1345 658 Clustumina?
1362 632 1453 658 nam

127 684 336 730 Maeciam,
375 696 456 721 non
496 696 598 732 quae
640 683 840 730 iudicaret,
882 685 952 722 sed
989 697 1091 733 quae
1127 683 1334 722 reiceretur
1369 696 1454 723 esse

57 753 106 790 39
126 747 291 786 voluisti.
348 746 535 784 dubitatis
568 746 693 795 igitur,
725 745 885 793 iudices,
918 747 1014 796 quin
1046 760 1116 785 vos
1151 749 1207 784 M.
1235 747 1456 786 Laterensis
1489 734 1495 740 ι

125 825 198 850 suo
222 811 380 858 iudicio,
401 823 483 848 non
503 811 553 848 ad
574 810 807 848 sententiam
827 811 935 860 legis,
964 811 1034 849 sed
1054 812 1104 849 ad
1125 824 1236 849 suam
1260 824 1371 860 spem
1390 811 1456 850 ali-

125 890 242 927 quam
279 877 328 915 de
359 875 514 913 civitate
547 875 764 925 delegerit?
803 875 989 914 dubitatis
1029 875 1124 925 quin
1155 888 1220 914 eas
1253 875 1386 923 tribus,
1416 875 1456 914 in

127 941 268 990 quibus
293 952 454 989 magnas
483 939 794 977 necessitudines
821 940 941 977 habet
962 939 1157 985 Plancius,
1179 952 1269 976 cum
1292 939 1356 977 ille
1375 951 1455 977 non

127 1003 302 1051 ediderit,
329 1002 508 1041 iudicarit
537 1002 672 1041 officiis
701 1004 750 1041 ab
778 1004 855 1041 hoc
882 1005 1116 1049 observatas,
1144 1016 1226 1041 non
1254 1003 1457 1053 largitione

127 1070 352 1118 corruptas?
397 1068 491 1118 quid
512 1067 616 1106 enim
637 1075 767 1117 potest
788 1068 918 1106 dicere
938 1082 1005 1106 cur
1024 1068 1097 1106 ista
1117 1068 1237 1106 editio
1257 1081 1337 1107 non
1357 1081 1458 1107 sum-

127 1148 233 1172 mam
261 1135 404 1172 habeat
432 1134 697 1180 acerbitatem,
718 1141 871 1171 remota
898 1133 1049 1172 ratione
1077 1134 1154 1181 illa,
1181 1146 1298 1183 quam
1326 1133 1367 1172 in
1395 1133 1460 1173 de-

57 1200 108 1238 40
128 1197 326 1236 cernendo
361 1195 484 1235 secuti
518 1198 677 1234 sumus?
732 1204 773 1234 tu
805 1197 952 1246 deligas
986 1211 1034 1235 ex
1067 1197 1175 1235 omni
1211 1198 1361 1247 populo
1393 1203 1460 1235 aut

128 1262 276 1300 amicos
310 1269 398 1299 tuos
432 1268 497 1299 aut
522 1259 702 1299 inimicos
731 1274 841 1299 meos
871 1269 937 1299 aut
966 1261 1135 1311 denique
1165 1274 1242 1308 eos,
1275 1274 1373 1311 quos
1402 1260 1459 1299 in-

129 1325 346 1372 exorabilis,
368 1338 467 1374 quos
487 1324 733 1371 inhumanos,
755 1338 853 1374 quos
880 1325 1047 1363 crudelis
1071 1324 1291 1363 existimes?
1326 1332 1369 1364 tu
1394 1337 1460 1363 me

130 1390 275 1439 ignaro,
300 1402 375 1427 nec
403 1388 604 1438 opinante,
634 1388 758 1427 inscio
789 1396 903 1427 notes
932 1397 971 1427 et
998 1397 1087 1427 tuos
1117 1397 1155 1427 et
1183 1397 1338 1427 tuorum
1368 1388 1461 1427 ami-

130 1467 266 1493 corum
299 1451 550 1499 necessarios,
584 1453 647 1490 vel
674 1452 829 1502 iniquos
859 1454 921 1490 vel
950 1466 1059 1491 meos
1088 1454 1150 1491 vel
1187 1452 1304 1491 etiam
1329 1453 1461 1491 defen-

131 1531 262 1557 sorum
300 1530 489 1564 meorum,
531 1517 750 1565 eodemque
787 1514 988 1565 adiungas,
1011 1529 1127 1565 quos
1164 1523 1302 1554 natura
1346 1523 1460 1566 putes

132 1595 290 1632 asperos
320 1588 437 1629 atque
469 1580 651 1618 omnibus
684 1579 870 1628 iniquos?
909 1580 1053 1618 deinde
1081 1581 1258 1619 effundas
1286 1589 1458 1630 repente,

133 1654 176 1685 ut
214 1655 306 1684 ante
340 1657 571 1683 consessum
608 1656 785 1681 meorum
824 1643 998 1681 iudicum
1036 1643 1191 1682 videam
1229 1658 1348 1694 quam
1394 1658 1462 1695 po-

1476 772 1507 789 10

1479 1090 1508 1113 ¹5

1479 1415 1511 1432 20

133 1709 272 1750 tuerim
292 1708 361 1758 qui
381 1716 510 1747 essent
530 1708 646 1746 futuri
667 1707 863 1757 suspicari,
885 1708 990 1757 apud
1017 1721 1164 1757 eosque
1186 1721 1260 1756 me,
1284 1721 1334 1747 ne
1354 1709 1462 1758 quin·
1479 1734 1510 1757 25

136 1789 214 1825 que
240 1774 401 1823 quidem
428 1772 590 1819 reiectis,
618 1773 724 1822 quod
754 1772 794 1810 in
823 1773 1002 1822 proximo
1031 1785 1098 1810 reo
1123 1773 1174 1810 de
1199 1772 1351 1810 consilii
1379 1787 1463 1812 sen-

136 1839 258 1878 tentia
288 1836 544 1877 constitutum
571 1845 642 1883 est,
672 1850 788 1887 cogas
818 1850 976 1875 causam
1009 1837 1057 1875 de
1086 1836 1246 1875 fortunis
1280 1837 1462 1875 omnibus

67 1908 116 1944 41
139 1905 296 1943 dicere?
351 1915 431 1939 non
462 1900 576 1947 enim,
604 1901 636 1939 si
664 1910 730 1939 aut
760 1900 942 1939 Plancius
970 1900 1024 1938 ita
1047 1899 1152 1947 vixit,
1179 1908 1221 1938 ut
1247 1902 1463 1940 offenderet

139 1969 266 2007 sciens
285 1966 494 2012 neminem,
516 1974 583 2004 aut
602 1974 643 2004 tu
664 1966 717 2004 ita
742 1965 886 2013 errasti,
908 1973 951 2004 ut
976 1979 1044 2004 eos
1070 1966 1204 2004 ederes
1224 1965 1461 2015 imprudens,

139 2042 183 2071 ut
215 2046 288 2071 nos
321 2032 444 2070 invito
477 2038 516 2069 te
548 2038 680 2069 tamen
715 2032 765 2070 ad
794 2031 953 2077 iudices,
984 2044 1065 2069 non
1098 2032 1148 2069 ad
1176 2031 1375 2069 carnifices
1403 2044 1497 2077 ve-3

139 2098 321 2143 niremus‚
348 2095 494 2134 idcirco
522 2095 596 2133 ista
624 2096 745 2135 editio
775 2110 846 2146 per
877 2109 918 2134 se
943 2109 1023 2135 non
1049 2097 1189 2135 acerba
1214 2104 1282 2135 est.
1341 2097 1463 2135 XVII

143 2174 193 2199 an
220 2173 314 2199 vero
346 2173 471 2209 nuper
505 2160 706 2198 clarissimi
734 2160 837 2199 cives
865 2171 1011 2199 nomen
1041 2160 1185 2198 editicii
1217 2159 1355 2199 iudicis
1383 2173 1465 2199 non

99 2226 101 2228 ’
143 2226 323 2272 tulerunt,
353 2237 443 2263 cum
473 2238 523 2264 ex-
547 2236 658 2264 cxxv
685 2222 890 2272 iudicibus,
921 2225 1162 2275 principibus
1192 2224 1380 2275 equestris
1409 2237 1466 2265 or-
