1593 2488
167 118 186 142 2
498 104 560 141 M.
597 104 776 142 TVLLI
810 104 1134 143 CICERONIS
1398 102 1480 156 [12

163 186 296 226 salutis
320 200 440 236 meae,
469 200 578 226 reum
609 187 682 226 sibi
715 188 821 226 hunc
851 187 1099 237 potissimum
1131 188 1331 238 delegisse,
1363 201 1483 238 quam

161 252 417 289 metuendum
445 264 496 289 ne
521 250 631 289 vobis
657 251 697 289 id
726 251 789 289 ille
809 264 950 301 magna
968 252 1116 290 ratione
1137 253 1275 291 fecisse
1293 251 1481 291 videatur.

120 318 143 354 3
163 327 400 364 quamquam
427 314 522 352 mihi
550 328 631 353 non
658 328 771 353 sumo
798 322 951 352 tantum
974 328 1103 364 neque
1130 316 1289 364 adrogo,
1319 314 1480 359 iudices.

161 386 204 417 ut
234 380 305 417 Cn.
340 378 543 416 Plancium
577 377 655 416 suis
685 391 775 427 erga
808 391 872 416 me
910 377 1054 416 meritis
1087 377 1360 427 impunitatem
1393 391 1484 417 con-

163 449 341 481 secutum
384 450 528 491 putem.
591 441 665 479 nisi
707 441 790 480 eius
832 441 1119 490 integerrimam
1161 441 1292 488 vitam,
1331 443 1483 481 modes·
1520 458 1535 482 5

160 505 328 544 tissimos
366 519 504 551 mores,
545 518 738 543 summam
782 506 911 552 fidem,
951 505 1244 553 continentiam,
1283 505 1481 554 pietatem,

159 568 423 607 innocentiam
444 569 663 616 ostendero,
686 568 781 606 nihil
802 569 851 606 de
871 582 999 618 poena
1018 570 1208 607 recusabo
1229 583 1236 606 :
1267 569 1326 607 sin
1351 568 1484 607 onmia

159 632 398 683 praestitero,
437 645 538 681 quae
571 640 661 670 sunt
693 646 717 670 a
753 633 867 671 bonis
902 633 990 671 viris
1022 635 1298 682 exspectanda,
1336 643 1480 684 petam,

158 697 317 743 iudices,
345 710 368 734 a
394 696 518 742 vobis,
547 704 600 742 ut,
628 695 737 734 cuius
757 696 1023 735 misericordia
1049 699 1151 736 salus
1177 712 1267 737 mea
1286 699 1483 738 custodita

159 762 218 807 sit,
246 762 281 799 ei
309 774 379 799 vos
403 769 570 799 vestram
598 761 904 799 misericordiam
935 774 998 799 me
1025 763 1262 811 deprecante
1290 763 1478 802 tribuatis.
1503 782 1534 800 ιο

159 825 343 873 equidem
374 826 425 863 ad
458 825 627 873 reliquos
661 826 825 870 labores,
862 838 961 873 quos
988 824 1028 862 in
1060 826 1134 863 hac
1167 839 1285 864 causa
1316 826 1482 866 maiores

160 888 328 937 suscipio
359 901 478 937 quam
509 888 549 925 in
579 886 726 934 ceteris,
766 887 883 924 etiam
917 888 1019 924 hanc
1049 888 1270 926 molestiam
1301 889 1480 934 adsumo,

159 952 265 1000 quod
288 951 383 988 mihi
411 964 492 989 non
519 951 646 989 solum
670 963 740 999 pro
765 951 838 989 Cn.
862 950 1023 988 Plancio
1047 951 1261 989 dicendum
1282 958 1350 997 est,
1372 951 1482 990 cuius

158 1027 231 1065 ego
268 1016 431 1052 salutem
464 1026 545 1052 non
578 1026 690 1051 secus
721 1026 767 1051 ac
797 1026 925 1051 meam
958 1014 1057 1052 tueri
1089 1015 1229 1061 debeo,
1262 1015 1332 1053 sed
1365 1013 1482 1053 etiam

158 1091 228 1127 pro
256 1090 319 1116 me
347 1077 443 1127 ipso,
475 1077 524 1116 de
550 1090 629 1127 quo
655 1084 900 1114 accusatores
925 1078 1037 1126 plura
1061 1091 1185 1127 paene
1215 1091 1332 1128 quam
1361 1079 1411 1117 de
1442 1091 1482 1118 re
1504 1099 1532 1122 15

114 1147 303 1190 4reoque
334 1141 524 1179 dixerunt.
589 1142 631 1178 ΙΙ
667 1153 918 1189 quamquam,
953 1140 1114 1188 iudices,
1150 1141 1180 1180 si
1214 1143 1307 1191 quid
1346 1150 1403 1181 est
1440 1142 1481 1181 in

158 1218 221 1243 me
247 1205 332 1255 ipso
358 1205 411 1243 ita
436 1205 724 1254 reprehensum,
753 1212 795 1242 ut
824 1204 865 1242 id
891 1205 941 1243 ab
966 1205 1043 1243 hoc
1068 1205 1287 1244 seiunctum
1314 1205 1372 1253 sit,
1400 1219 1481 1245 non

158 1282 221 1306 me
250 1268 289 1306 id
318 1281 460 1318 magno
490 1281 607 1317 opere
636 1268 870 1315 conturbat,
903 1281 982 1306 non
1015 1268 1118 1306 enim
1148 1269 1268 1308 timeo
1296 1283 1356 1318 ne,
1390 1271 1482 1320 quia

157 1346 311 1382 perraro
337 1333 434 1383 grati
458 1332 638 1371 homines
663 1332 913 1382 reperiantur,
934 1332 1093 1380 idcirco,
1120 1346 1210 1371 611111
1233 1347 1297 1372 1116
1317 1335 1479 1373 nimium

156 1405 308 1447 gratum
341 1397 395 1435 illi
433 1410 517 1436 esse
556 1397 701 1444 dicant,
735 1396 776 1435 id
813 1397 909 1435 mihi
939 1397 1194 1435 criminosum
1226 1410 1311 1436 esse
1346 1398 1479 1448 possit.
1499 1418 1532 1434 20

157 1474 257 1510 quae
283 1473 375 1500 vero
398 1460 452 1498 ita
472 1468 560 1498 sunt
581 1460 724 1510 agitata
743 1461 793 1498 ab
814 1460 899 1508 illis,
921 1468 963 1498 ut
987 1468 1053 1498 aut
1079 1461 1216 1499 merita
1234 1462 1307 1500 Cn.
1331 1461 1480 1499 Plancii

156 1538 246 1575 erga
283 1538 346 1563 me
383 1525 534 1563 minora
565 1538 651 1564 esse
688 1525 863 1563 dicerent
896 1538 1015 1574 quam
1052 1538 1076 1562 a
1113 1538 1176 1563 me
1214 1525 1299 1575 ipso
1332 1525 1481 1575 praedi-

156 1598 344 1637 carentur,
360 1598 426 1628 aut
447 1590 478 1627 si
498 1598 629 1628 essent
649 1603 813 1637 summa,
835 1597 1022 1638 negarent
1043 1603 1088 1628 ea
1109 1598 1239 1628 tamen
1261 1590 1313 1628 ita
1333 1591 1475 1641 magni,

155 1664 198 1694 ut
218 1669 290 1705 ego
316 1664 504 1706 putarem,
534 1655 719 1705 ponderis
747 1656 852 1705 apud
881 1668 950 1693 vos
976 1667 1061 1693 esse
1088 1655 1243 1702 debere,
1267 1656 1365 1694 haec
1384 1656 1479 1694 mihi

155 1730 245 1760 sunt
273 1722 486 1767 tractanda,
516 1720 676 1767 iudices,
705 1727 742 1759 et
766 1719 931 1767 modice,
960 1733 1011 1759 ne
1037 1719 1131 1769 quid
1155 1720 1238 1770 ipse
1265 1721 1476 1768 offendam,
1497 1739 1528 1764 25

155 1791 195 1822 et
221 1791 304 1822 tum
334 1783 516 1833 denique,
547 1796 638 1821 cum
666 1785 905 1833 respondero
934 1782 1171 1830 criminibus,
1202 1797 1251 1822 ne
1283 1796 1362 1822 non
1397 1791 1479 1823 tarn

154 1848 379 1887 innocentia
405 1861 493 1886 reus
520 1861 588 1886 sua
614 1861 732 1897 quam
755 1846 1027 1886 recordatione
1054 1860 1231 1886 meorum
1256 1856 1478 1898 temporum

154 1912 337 1951 defensus
357 1925 440 1951 esse
459 1913 645 1950 videatur.

113 1980 135 2018 5
234 1977 313 2015 Sed
349 1975 445 2015 mihi
482 1976 521 2013 in
558 1990 677 2014 causa
712 1975 816 2014 facili
849 1982 968 2025 atque
999 1975 1193 2025 explicata
1228 1975 1476 2025 perdifficilis,

154 2040 314 2088 iudices,
352 2049 392 2080 et
427 2040 577 2079 lubrica
613 2040 852 2079 defensionis
886 2040 983 2078 ratio
1015 2041 1257 2090 proponitur.
1321 2053 1413 2079 narn
1446 2041 1478 2080 si
1495 2062 1528 2086 30

155 2111 308 2141 tantum
333 2104 454 2142 modo
477 2102 573 2140 mihi
599 2116 760 2141 necesse
783 2110 885 2141 esset
905 2110 1041 2141 contra
1063 2104 1314 2141 Laterensem
1334 2103 1476 2151 dicere,

155 2174 286 2204 tamen
306 2166 347 2204 id
371 2166 498 2216 ipsum
523 2173 625 2204 esset
651 2166 691 2204 in
719 2173 830 2204 tanto
855 2178 927 2204 usu
946 2173 1080 2204 nostro
1100 2173 1286 2215 tantaque
1305 2165 1478 2206 amicitia

154 2230 374 2268 molestum.
440 2236 552 2269 vetus
582 2237 640 2269 est
673 2229 780 2268 enim
815 2230 879 2269 lex
910 2228 977 2268 illa
1007 2229 1132 2268 iustae
1160 2241 1354 2279 veraeque
1383 2229 1476 2268 ami·
