1593 2488
616 84 821 122 INDEX
853 85 885 122 J
1334 95 1351 119 2
1363 96 1376 120 1
1387 95 1408 132 9

82 169 257 211 Allifanus
285 173 417 207 tractus,
447 168 533 199 circa
562 168 700 209 Allifas,
735 167 895 209 oppidum
927 167 1125 199 Samnitium
1157 177 1253 209 supra
1283 167 1409 198 laevam

125 222 279 254 Volturni
299 223 403 264 ripam
419 222 460 251 22
480 221 519 253 26

87 276 125 307 Τ.
141 277 288 317 Ampius
308 276 444 312 Balbus,
463 275 693 317 Pompeianus,
712 286 773 317 pro
796 286 862 307 cos.
878 275 1025 311 Ciliciae,
1043 279 1081 306 tr.
1102 274 1147 316 pl.
1165 285 1194 306 a.
1213 274 1263 316 63,
1279 279 1409 316 praetor

123 341 152 361 a.
174 332 224 370 58,
245 331 286 361 25
305 341 345 370 ²4

79 386 236 418 Aniensis
251 386 353 418 tribus
371 385 411 416 54
430 394 447 427 7

78 440 130 470 M.
147 440 325 477 Antonius,
343 445 454 470 orator
468 450 623 477 summuS,
641 450 720 470 avus
738 439 907 477 triumviri,
928 449 960 470 n.
979 449 1010 470 a.
1033 448 1101 479 143,
1122 448 1187 470 cos.
1208 449 1236 469 a.
1251 447 1302 480 99,
1320 448 1407 469 cens.

120 505 151 525 a.
170 503 234 537 973
258 494 298 525 C.
317 494 414 525 Marii
432 494 518 525 iussu
536 506 565 525 a.
587 496 626 534 87
644 495 832 526 interfectus
849 499 907 532 est,
928 494 968 524 33
990 493 1028 525 16

81 547 143 578 Cn.
168 547 352 588 Appuleius
375 548 594 590 Saturninus,
619 548 660 578 L.
675 548 710 589 f.
737 548 799 579 Cn,
826 548 951 579 Plancii
975 547 1008 579 in
1031 547 1130 579 Creta
1149 546 1403 583 contubernalis,

120 601 188 633 eius
211 601 422 643 propinquus,
443 603 473 632 ei
494 602 527 632 in
549 602 671 633 iudicio
695 602 798 633 adsuit
822 602 863 633 27
888 611 939 641 27,
967 601 1191 633 ornatissimus
1214 600 1264 631 vir
1287 600 1327 631 29
1356 601 1393 631 18

78 654 116 685 L.
143 655 324 695 Appuleius
346 656 562 694 Saturninus,
591 655 721 694 Atinas,
741 655 867 693 aedilis,
887 659 1018 696 praetor
1033 664 1062 685 a.
1087 655 1127 694 58
1152 653 1186 684 in
1209 653 1407 684 Macedonia

120 707 160 738 28
177 707 206 746 6,
227 708 268 740 99
287 718 325 739 22

75 763 260 804 Aqut‘num,
280 763 496 804 municipium
518 763 605 794 Latii
621 763 782 805 frequenS,
803 763 839 794 h.
863 762 1034 804 Aquino.
1081 762 1279 803 Aquinates,
1305 761 1406 793 vicini

118 816 335 857 Arpinatibus
350 821 382 847 et
398 817 598 854 Atinatibus,
618 816 659 846 22
678 825 715 855 25

64 871 224 911 ·Arpz'nas
243 882 283 902 ex
306 871 437 912 Arpiuo
463 871 552 913 quod
573 877 642 902 erat
667 871 863 902 Volscorum
888 871 1048 912 oppidum
1073 870 1106 902 in
1127 871 1212 902 colle
1236 870 1339 901 arduo
1362 870 1405 901 ad

120 925 298 956 Fibrenum
320 930 351 956 et
375 925 477 955 Lirim
499 924 634 955 flumina
651 925 759 961 situm,
782 924 919 955 Samnio
935 923 1073 962 confine,
1093 924 1309 965 municipium
1325 924 1402 955 inde

116 990 136 1011 a
158 980 246 1011 bello
275 980 456 1012 Samnitico
486 981 588 1011 altero
615 980 710 1011 finito
737 991 766 1011 a.
795 990 867 1020 303,
898 980 1052 1021 suffragio
1079 980 1238 1011 donatum
1265 990 1296 1010 a.
1328 981 1397 1017 188,

117 1033 313 1064 Ciceronum
331 1039 363 1064 et
380 1034 478 1064 Marii
503 1034 619 1075 patria.
667 1034 864 1065 Ciceronum
882 1034 959 1064 villa
982 1038 1049 1064 erat
1074 1033 1107 1064 in
1133 1034 1266 1064 Fibreni
1283 1033 1398 1071 insula,

115 1086 150 1117 h.
176 1087 285 1118 Isola
305 1086 346 1118 di
367 1087 402 1119 S.
426 1087 558 1120 Paolo.
616 1087 832 1129 Arpinates
854 1087 987 1128 gloriari
1008 1087 1159 1119 solebant
1182 1087 1223 1118 de
1245 1087 1311 1118 suis
1333 1097 1402 1118 mu·

114 1140 277 1182 nicipibus
294 1141 335 1170 20
348 1151 400 1182 30,
418 1141 458 1171 22
477 1151 516 1180 ²4

72 1195 114 1225 A.
129 1195 257 1226 Alilt'us
276 1195 451 1226 Calatinus
473 1205 539 1226 cos.
557 1205 586 1226 a.
605 1197 679 1235 258,
696 1206 783 1226 anno
805 1200 879 1236 post
902 1205 943 1226 ex
968 1195 1080 1227 Sicilia
1095 1195 1137 1226 de
1154 1195 1273 1226 Poenis
1289 1195 1400 1227 trium-

115 1248 239 1290 phavit,
259 1248 377 1280 iterum
394 1249 506 1280 consul
523 1259 551 1280 a.
574 1258 646 1288 254,
665 1248 705 1279 60
724 1260 763 1291 29

75 1301 112 1332 C.
139 1301 268 1332 Atilius
290 1302 456 1332 Serranus
478 1312 543 1333 eos.
564 1312 592 1333 a.
617 1301 686 1339 106,
706 1302 915 1333 stultissimus
936 1301 1049 1339 horno,
1074 1302 1131 1333 sed
1156 1302 1286 1340 nobilis,
1307 1312 1400 1344 prae-

114 1355 239 1396 positus
255 1355 289 1385 in
305 1355 463 1396 petitione
480 1356 667 1386 consulatus
685 1355 727 1395 Q.
746 1355 864 1386 Catulo
882 1355 921 1385 12
935 1365 975 1395 30

70 1409 190 1446 Atina,
210 1409 413 1450 praefectura
429 1410 462 1440 in
480 1410 612 1442 Sabinis
628 1411 689 1442 sita
706 1411 745 1442 19
763 1412 808 1449 18,
829 1411 870 1441 32
882 1421 933 1452 23,
953 1411 994 1443 47
1007 1424 1039 1452 4.
1083 1412 1248 1449 Atinates,
1269 1411 1399 1443 finitimi

114 1461 350 1502 Arpinatibus;
374 1462 503 1504 utrique
521 1473 653 1494 suorum
675 1464 854 1495 honoribus
875 1464 987 1495 laetati
1011 1475 1080 1496 esse
1103 1465 1256 1496 dicuntur
1280 1465 1320 1497 19
1343 1475 1394 1503 21,

113 1516 154 1545 21
171 1517 202 1552 8,
219 1516 260 1545 22
277 1525 319 1547 2ο

69 1570 202 1607 Atreus,
223 1579 242 1599 a
259 1570 338 1601 Iove
355 1576 455 1608 ortus,
475 1571 645 1612 tragoedia
662 1571 700 1602 L.
719 1572 801 1603 Acci
818 1572 858 1603 59
876 1580 912 1612 17

74 1624 134 1654 Cn.
151 1623 307 1664 Aufidius
333 1624 455 1655 Orestes
471 1626 688 1662 Aurelianus,
707 1636 773 1657 cos.
791 1637 820 1656 a.
841 1634 890 1665 71,
912 1626 1045 1657 Orestes
1065 1627 1118 1665 (ex
1133 1633 1232 1667 gente
1248 1626 1396 1668 Aurelia)

111 1677 286 1719 adoptatus
301 1688 329 1709 a.
350 1678 411 1709 Cn.
431 1679 566 1711 Aufidio
581 1691 589 1712 :
611 1685 652 1711 tr.
669 1681 714 1722 pl.
734 1691 800 1712 non
818 1686 866 1712 est
882 1681 986 1712 sactus
1003 1681 1044 1711 52
1061 1691 1097 1720 14

713 1820 739 1850 B

70 1892 214 1923 Balbus:
234 1903 264 1923 v.
282 1902 308 1923 s.
326 1893 357 1924 A
361 1893 471 1933 mpius

68 1945 248 1983 Bithynia:
269 1946 358 1986 regio
375 1946 476 1977 Asiae
491 1945 627 1977 minoris
643 1946 676 1977 in
692 1957 749 1978 ora
765 1947 863 1978 Ponti
880 1952 911 1979 et
929 1947 1150 1989 Propontidis,
1169 1948 1394 1979 Romanorum

111 1998 295 2040 provincia;
319 2000 395 2031 urbs
411 2001 536 2032 Nicaea
556 2001 598 2031 84
614 2000 652 2032 16

67 2053 224 2089 Bovillae,
261 2054 473 2095 municipium
512 2055 601 2086 Latii
642 2055 685 2086 ad
726 2055 814 2086 viam
849 2055 997 2096 Appiam
1027 2066 1094 2087 non
1125 2056 1241 2097 procul
1271 2066 1290 2086 a
1320 2055 1393 2087 lacu

109 2105 254 2144 Albano,
281 2105 323 2136 ad
345 2107 434 2147 quod
464 2118 575 2149 pugna
604 2107 624 2139 i.
636 2118 664 2139 e.
690 2109 790 2140 caede
814 2109 995 2140 Bovillana
1020 2109 1157 2140 Clodius
1181 2108 1307 2140 occisus
1330 2116 1388 2147 est,

110 2159 151 2188 23
165 2168 182 2199 3

68 2213 265 2245 Bovt'llanus
281 2212 321 2243 23
335 2223 352 2255 5
