1626 2488
151 107 202 144 30
486 95 547 132 M
584 95 763 133 TVLLI
797 95 1121 134 CICERONIS
1262 93 1398 148 [XXX
1418 108 1464 145 72

148 179 254 230 poris
275 193 391 218 causa
411 182 565 231 fingere.
624 180 770 221 scilicet
789 182 910 221 homo
937 182 1090 233 sapiens
1115 181 1330 234 excogitavi
1349 196 1466 233 quarn

148 246 200 283 ob
233 258 314 283 rein
347 244 497 284 viderer
531 246 709 285 maximis
740 247 921 285 beneficii
952 247 1090 286 vinclis
1124 248 1343 296 obstrictus,
1379 261 1466 286 cum

148 307 244 346 liber
268 320 395 345 essem
420 316 460 346 et
486 310 644 347 solutus.
703 309 798 358 quid
825 309 960 348 enim?
987 310 1083 347 mihi
1104 311 1155 348 ad
1174 312 1467 349 defendendum

149 371 351 409 Plancium
377 386 515 421 parum
542 375 697 419 multae,
719 387 855 423 parum
881 374 1005 413 iustae
1032 376 1339 414 necessitudines
1359 385 1468 415 erant

147 436 425 482 familiaritatis,
441 436 659 484 vicinitatis,
677 439 796 487 patris
816 438 1033 477 amicitiae?
1059 453 1158 488 quae
1178 439 1208 477 si
1229 453 1309 478 non
1326 450 1465 487 essent,
1505 459 1520 483 5

147 512 306 546 vererer,
328 501 457 546 credo,
479 513 527 538 ne
554 500 717 550 turpiter
741 503 918 548 facerem,
943 502 975 540 si
1002 504 1079 541 hoc
1105 505 1313 552 splendore
1336 513 1374 543 et
1394 506 1467 543 hac

147 563 334 613 dignitate
354 564 552 603 hominem
574 566 835 605 defenderem.
885 568 1068 616 fingenda
1087 567 1181 605 mihi
1201 568 1271 606 fuit
1286 567 1468 608 videlicet

146 640 264 665 causa
287 636 481 676 peracuta,
503 637 544 667 ut
571 628 616 675 ei,
639 642 756 678 quern
783 629 878 668 mihi
904 631 1048 669 debere
1074 640 1280 680 oporteret,
1301 644 1375 681 ego
1404 645 1466 670 me

146 693 280 731 omnia
303 695 447 732 debere
475 693 655 731 dicerem.
713 702 752 732 at
772 694 812 732 id
833 693 949 732 etiam
976 695 1136 744 gregarii
1162 696 1301 734 milites
1322 695 1467 734 faciunt

145 757 264 803 inviti,
279 764 320 795 ut
340 770 527 795 coronam
547 758 642 795 dent
661 757 825 795 civicam
846 766 885 796 et
905 771 946 796 se
972 761 1021 797 ab
1041 759 1171 808 aliquo
1192 768 1363 798 servatos
1383 773 1465 799 esse
1486 785 1517 800 ,ο

146 822 349 869 fateantur,
371 815 451 859 non
477 834 556 870 quo
586 829 696 870 turpe
723 821 770 860 sit
799 830 1022 871 protectum
1049 823 1089 860 in
1114 823 1198 867 acie
1222 836 1270 861 ex
1296 823 1466 862 hostium

145 884 324 922 manibus
350 884 593 934 cripi—nam
623 885 664 923 id
690 885 867 923 accidere
894 886 967 923 nisi
992 886 1082 923 sorti
1107 885 1188 924 viro
1214 894 1252 924 et
1277 886 1467 936 pugnanti

145 947 362 986 comminus
401 962 482 986 non
519 957 713 998 potest—,
753 951 823 988 sed
853 963 952 988 onus
986 950 1167 988 beneficii
1199 951 1465 999 reformidant,

77 1024 125 1061 73
144 1014 250 1062 quod
270 1026 525 1062 permagnum
545 1022 603 1051 est
619 1013 747 1052 alieno
768 1014 911 1053 debere
931 1014 1037 1052 idem
1050 1015 1157 1064 quod
1176 1014 1338 1064 parenti.
1379 1028 1464 1065 ego,

144 1089 234 1113 cum
265 1076 381 1114 ceteri
412 1089 502 1114 vera
532 1076 734 1125 beneficia,
773 1077 891 1115 etiarn
929 1077 1092 1125 minora,
1124 1077 1378 1126 dissimulent,
1415 1091 1466 1117 ne
1487 1102 1516 1124 15

144 1139 303 1189 obligati
332 1153 417 1177 esse
449 1139 664 1188 videantur,
701 1153 749 1179 eo
782 1153 846 1178 me
883 1141 1076 1179 beneficio
1114 1141 1344 1180 obstrictum
1382 1154 1466 1180 esse

143 1204 345 1251 ementior,
367 1204 428 1241 cui
448 1217 498 1242 ne
517 1204 646 1242 referri
661 1204 820 1254 quidem
836 1204 957 1254 gratia
971 1218 1086 1255 posse
1099 1205 1297 1244 videatur?
1325 1219 1375 1243 an
1390 1207 1466 1244 hoc

143 1275 196 1313 tu,
212 1269 443 1313 Laterensis,
466 1268 644 1317 ignoras?
672 1268 738 1317 qui
758 1281 846 1305 cum
867 1269 961 1306 mihi
977 1282 1081 1307 esses
1094 1267 1361 1315 amicissimus,
1376 1281 1465 1306 cum

143 1334 204 1370 vel
232 1333 446 1382 periculum
466 1333 567 1371 vitae
595 1341 684 1370 tuae
711 1346 866 1371 mecum
892 1332 1041 1371 sociare
1063 1333 1262 1379 voluisses,
1283 1346 1373 1370 cum
1401 1345 1466 1371 me

143 1394 183 1432 in
215 1395 281 1433 illo
312 1394 410 1433 tristi
439 1402 478 1433 et
507 1396 648 1433 acerbo
681 1395 788 1433 luctu
819 1403 937 1444 atque
971 1394 1143 1433 discessu
1184 1407 1265 1433 non
1297 1394 1465 1433 lacrimis
1485 1421 1516 1438 20

143 1460 270 1497 solum
299 1459 373 1497 tuis
403 1460 472 1497 sed
497 1458 628 1497 animo
654 1472 816 1508 corpore
843 1458 966 1508 copiis
991 1466 1217 1508 prosecutus
1237 1471 1353 1506 esses,
1374 1471 1463 1497 cum

144 1535 253 1560 meos
273 1522 414 1560 liberos
444 1530 482 1560 et
511 1535 671 1560 uxorem
700 1535 763 1559 me
791 1523 953 1560 absente
982 1522 1058 1560 tuis
1084 1522 1224 1571 opibus
1245 1521 1465 1572 auxilioque

144 1587 396 1633 defendisses,
419 1587 473 1624 sic
500 1600 656 1624 mecum
683 1600 836 1636 semper
862 1586 984 1636 egisti,
1010 1594 1048 1624 te
1073 1586 1168 1624 mihi
1193 1585 1388 1624 remittere
1413 1594 1467 1625 at-

144 1664 220 1700 que
233 1652 459 1696 concedere,
475 1659 517 1688 ut
533 1664 651 1689 omne
672 1664 803 1689 meum
820 1651 992 1689 studium
1009 1650 1048 1688 in
1066 1652 1137 1690 Cn.
1155 1650 1302 1688 Plancii
1318 1651 1466 1689 honore

143 1728 423 1762 consumerem,
446 1715 554 1762 quod
583 1714 664 1752 eius
687 1714 727 1752 in
753 1727 816 1752 me
843 1714 1025 1753 meritum
1055 1713 1125 1752 tibi
1151 1714 1269 1752 etiam
1289 1714 1363 1764 ipsi
1387 1728 1467 1764 gra·
1485 1740 1515 1763 25

77 1789 127 1828 74
145 1788 226 1818 tum
247 1793 331 1818 esse
351 1779 522 1818 dicebas.
566 1778 661 1817 nihil
680 1787 812 1817 autem
832 1792 894 1817 me
915 1778 1017 1826 novi,
1034 1778 1130 1816 nihil
1144 1778 1328 1828 temporis
1348 1791 1466 1817 causa

144 1844 284 1890 dicere,
299 1856 431 1881 nonne
452 1841 568 1880 etiam
589 1850 646 1880 est
662 1842 726 1880 illa
746 1842 854 1881 testis
874 1841 1008 1888 oratio,
1026 1852 1127 1891 quae
1147 1850 1205 1880 est
1220 1856 1243 1880 a
1258 1855 1321 1880 me
1342 1842 1467 1891 prima

145 1908 278 1946 habita
296 1908 335 1945 in
356 1908 517 1945 senatu?
546 1906 586 1943 in
605 1918 683 1954 qua
702 1919 791 1943 cum
819 1905 1022 1955 perpaucis
1048 1906 1279 1944 nominatim
1301 1905 1466 1955 egissem

144 1971 295 2021 gratias,
319 1971 426 2020 quod
451 1983 588 2008 omnes
617 1970 834 2008 enumerari
863 1971 970 2008 nullo
994 1970 1115 2007 modo
1146 1978 1318 2019 possent,
1342 1971 1466 2008 scelus

146 2044 276 2074 autem
296 2042 398 2073 esset
424 2047 661 2083 quemquam
688 2032 893 2083 praeteriri,
916 2033 1214 2082 statuissemque
1244 2046 1310 2071 eos
1340 2034 1465 2072 solum
1483 2057 1516 2080 30

146 2099 360 2143 nominare,
381 2098 448 2148 qui
476 2105 632 2135 nostrae
661 2109 800 2135 causae
829 2098 948 2135 duces
977 2105 1015 2135 et
1045 2096 1155 2146 quasi
1185 2096 1352 2145 signiferi
1379 2096 1467 2135 fuis-

147 2170 244 2208 sent,
265 2161 305 2199 in
325 2161 384 2199 his
406 2160 566 2198 Plancio
586 2159 724 2208 gratias
738 2160 808 2209 egi.
842 2159 1022 2198 recitetur
1037 2159 1171 2205 oratio,
1189 2173 1289 2208 quae
1309 2167 1466 2210 propter

146 2225 200 2264 rei
220 2223 527 2274 magnitudinem
548 2224 653 2262 dicta
677 2223 728 2261 de
748 2221 890 2272 scripto
910 2230 985 2262 est:
1014 2221 1054 2260 in
1075 2235 1152 2272 qua
1177 2235 1249 2272 ego
1269 2223 1389 2261 homo
1408 2235 1465 2261 as-
