1593 2488
104 135 199 173 XLI
229 135 246 183 ξ
268 131 334 184 97]
670 130 874 169 NOTES
1354 142 1425 179 197

168 225 187 248 e
210 225 271 247 suo
294 216 474 252 complexu
495 216 537 244 ut
559 213 725 252 eriperer]
758 213 796 244 cf.
824 223 872 244 or.
896 224 928 254 p.
958 213 1042 244 Sest.
1069 213 1087 251 ξ
1108 222 1147 253 53
1171 223 1243 243 cum
1268 223 1320 253 ego
1346 223 1394 242 me
1415 224 1431 243 e

103 260 303 300 complexu
320 258 454 298 patriae
472 261 694 297 conspectuque
711 261 814 287 vestro
835 257 1080 296 eripuissem,
1107 266 1154 287 or.
1181 266 1213 297 p.
1241 255 1334 287 Cael.
1357 258 1427 298 §59

103 313 177 334 cum
197 303 234 341 Q.
251 301 405 332 Aletellus
426 300 668 330 abstraheretur
681 310 697 330 e
711 300 789 330 sinu
801 300 985 340 gremioque
993 299 1134 340 patriae.

167 368 269 397 facile
291 363 488 402 patoretur]
511 363 583 401 §62
601 363 622 394 1.
642 374 692 404 31,
712 364 728 401 §
745 362 824 402 631.
845 373 874 403 5.

166 435 190 464 1.
210 436 258 464 29.
305 431 439 470 hortos]
463 441 495 462 n.
514 435 549 462 to
565 430 606 461 de
622 430 677 461 off.
695 437 739 460 111
756 430 773 467 ἓ
790 429 829 470 58
846 429 866 460 l.
888 439 916 461 2.

166 500 208 528 Μ.
226 499 343 528 Laeuii
352 496 477 534 nacci]
501 497 548 527 M.
566 496 738 527 Laenius
758 495 923 526 Flaccus
939 505 1006 525 was
1022 505 1041 525 a
1057 493 1160 525 friend
1174 493 1350 525 ofAtticus
1362 493 1425 535 (ep.

104 541 146 572 ad
160 541 229 571 Att.
246 548 269 570 V
285 551 335 577 20,
351 541 369 570 8
384 551 392 577 ;
415 550 463 576 21,
481 539 523 578 4).
567 539 606 569 In
624 539 679 569 the
695 538 815 579 speech
832 549 891 579 pro
905 539 1044 575 Sestio§
1061 547 1116 576 131
1137 537 1208 568 Cic.
1223 537 1319 577 again
1332 537 1430 568 refers

103 589 138 615 to
159 583 214 614 the
235 583 392 613 kindness
413 582 454 613 he
475 582 539 612 ancl
560 582 654 612 other
676 581 838 612 members
861 581 899 611 of
918 580 969 611 his
987 580 1100 620 family
1120 579 1186 610 had
1209 580 1323 611 shown
1346 579 1425 617 him,

103 637 177 657 cum
194 637 242 656 me
255 626 368 656 domus
383 625 489 655 eadem
506 625 703 665 optimorum
719 628 748 654 et
763 623 1016 654 doctissimorum
1033 623 1195 661 virorum,
1216 623 1267 653 M.
1285 623 1390 653 Laen
1401 623 1414 653 i
1419 623 1433 651 ι’

103 669 238 700 Flacci
257 673 285 699 et
294 669 405 709 patris
420 672 450 699 et
462 667 592 708 fratris
606 668 685 703 eins,
705 667 880 697 laetissima
895 667 1057 706 exciperet,
1078 676 1160 706 quae
1172 665 1327 706 proximo
1341 675 1432 695 anno

105 722 249 742 maerens
264 715 416 751 receperat
430 715 460 741 et
473 721 530 740 suo
545 711 706 751 praesidio
719 710 925 750 periculoque
938 709 1145 749 destnderam
1164 708 1233 739 also
1250 708 1346 748 again
1362 708 1396 738 in
1411 718 1431 739 a

104 755 198 786 letter
214 760 248 785 to
264 755 314 785 his
331 753 442 794 family
461 754 515 789 (ad
531 753 607 783 sam.
622 761 688 783 xiv
702 765 732 792 4,
747 752 777 792 2)
793 763 850 783 nos
865 751 1048 782 Brundisii
1061 751 1153 791 apud
1169 751 1221 782 M.
1241 751 1430 782 Laenium

103 798 285 829 Flaccum
309 797 375 827 (lies
390 804 461 827 X111
469 796 617 836 suimus,
631 797 743 826 virum
759 796 928 836 optimum,
946 796 1004 836 qui
1013 794 1200 834 periculum
1208 794 1431 834 fortunarum

103 844 135 871 et
155 840 265 881 capitis
287 840 344 870 sui
359 844 443 880 prae
466 850 535 869 mea
557 839 660 869 salute
679 839 821 878 neglexit
844 849 944 878 neque
961 838 1040 877 legis
1062 836 1315 877 improbissimae
1325 842 1431 877 poena

103 884 256 914 deductus
277 887 330 919 est,
351 893 412 923 quo
434 882 546 911 minus
565 881 700 922 hospitii
718 885 746 911 et
765 881 931 911 amicitiae
947 881 999 910 ius
1014 880 1213 921 efficiamque
1228 884 1431 920 praestaret:

104 926 184 957 huic
209 926 340 956 utinam
367 925 547 965 aliquando
569 925 715 965 gratiam
741 924 862 964 referre
883 924 1046 964 possimus
1056 922 1070 953 ,Ι
1091 922 1278 953 habebimus
1304 922 1430 963 quidem

103 974 235 1010 semper.

169 1035 194 1064 1.
212 1037 261 1064 30.
308 1035 421 1064 omnis
442 1033 571 1071 metus]
599 1033 711 1073 ‘every
726 1031 807 1063 kind
824 1031 862 1063 of
879 1030 969 1067 sear?
985 1031 1123 1062 because
1140 1031 1178 1062 of
1195 1030 1251 1062 the
1276 1031 1343 1062 ‘lex
1359 1030 1429 1061 Clo-

104 1077 162 1107 dia
184 1087 268 1117 quae
291 1086 431 1116 poenam
455 1076 620 1116 irrogabat
642 1075 698 1112 eis,
729 1075 783 1116 qui
807 1075 999 1105 Ciceronem
1023 1075 1150 1105 exulem
1181 1074 1265 1105 inter
1288 1084 1431 1111 400‚000

104 1129 257 1160 passuum
275 1124 362 1149 tecto
379 1119 602 1159 excepissent?
645 1118 826 1148 Manutius
844 1118 884 1148 ad
908 1128 952 1148 or.
974 1128 1008 1158 p.
1028 1118 1110 1148 Sest.
1128 1118 1145 1154 ἓ
1165 1127 1235 1156 131.
1281 1117 1430 1147 Wunder

105 1162 199 1193 reads
219 1162 297 1192 with
325 1167 390 1192 two
416 1170 480 1192 MSS
501 1172 608 1192 omnes
632 1166 744 1198 metus,
769 1160 960 1200 comparing
981 1170 1027 1190 or.
1051 1170 1085 1200 p.
1109 1159 1194 1190 Sest.
1213 1160 1230 1197 ἓ
1253 1167 1291 1199 35
1309 1160 1363 1190 sed
1383 1170 1431 1189 me

103 1205 168 1235 alii
189 1209 313 1235 metus
335 1209 430 1245 atque
453 1205 539 1235 aliae
564 1215 661 1234 curae
685 1207 893 1240 monuerunt,
920 1203 961 1233 de
987 1203 1120 1244 harusp.
1146 1212 1231 1243 resp.
1256 1203 1274 1240 §
1296 1211 1334 1243 55
1362 1203 1429 1233 iam

103 1258 211 1279 omnes
225 1248 291 1283 isti,
309 1248 368 1287 qui
374 1247 628 1288 portenduntur,
645 1251 772 1278 metus
785 1247 1041 1286 exstingytentur.

167 1311 433 1350 proponeretur]
456 1312 473 1349 ξ,
491 1320 507 1350 5
524 1312 545 1342 l.
565 1321 615 1351 30,
634 1313 651 1350 ἓ
667 1313 708 1354 89
724 1311 746 1342 1.
765 1312 816 1343 28.

167 1374 191 1403 1.
211 1375 259 1403 32.
308 1371 498 1410 dimittere]
522 1372 595 1412 §94
617 1371 638 1402 1.
661 1380 711 1412 '²9-

167 1441 205 1469 ι’.
225 1441 294 1473 40,
318 1439 342 1468 1.
360 1441 388 1468 2.
440 1437 642 1476 exaudiens]
676 1437 865 1468 exaudire
888 1436 1043 1478 significes,
1070 1441 1140 1474 not,
1169 1447 1205 1468 as
1233 1437 1329 1478 Long
1355 1447 1428 1478 sup-

103 1491 211 1522 poses,
229 1484 283 1511 ‘to
299 1480 378 1511 hear
393 1481 487 1511 when
505 1481 595 1511 there
610 1481 637 1511 is
653 1480 709 1511 the
724 1481 870 1511 obstacle
886 1481 921 1511 of
941 1491 1038 1521 space
1054 1491 1091 1511 or
1109 1480 1295 1520 something
1315 1480 1380 1511 else
1396 1481 1429 1510 in

104 1524 160 1555 the
178 1522 276 1563 way‚'
293 1524 349 1554 but
377 1525 430 1554 ‘to
453 1524 532 1554 hear
554 1523 742 1563 distinctly,’
765 1524 846 1554 with
870 1524 1031 1564 complete
1054 1523 1295 1564 apprehension
1318 1523 1354 1553 of
1374 1523 1429 1553 the

103 1567 211 1598 words
224 1566 409 1606 employed,
427 1566 574 1597 whether
589 1566 644 1597 the
661 1565 799 1606 speaker
815 1566 856 1597 be
869 1566 915 1596 sar
929 1565 978 1596 off
989 1576 1026 1596 or
1040 1576 1128 1603 near,
1145 1576 1172 1596 e.
1183 1576 1214 1606 g.
1231 1576 1283 1606 ep.
1300 1565 1343 1596 ad
1357 1566 1428 1596 Att.

104 1617 143 1641 IV
159 1611 189 1648 8,
210 1608 229 1640 6
244 1609 303 1645 dic,
320 1620 373 1639 oro
393 1613 430 1646 te,
451 1610 559 1639 clarus
569 1619 583 1646 ‚·
606 1610 665 1639 vix
685 1609 774 1639 enim
790 1609 874 1639 mihi
895 1609 1107 1639 exaudisse
1124 1609 1244 1646 videor,
1277 1608 1319 1639 de
1340 1608 1425 1649 legg.

107 1663 121 1683 1
146 1653 164 1690 ἓ
180 1661 217 1682 21
243 1652 361 1682 etenim
385 1656 519 1692 propter
539 1652 627 1682 hunc
647 1656 832 1682 concentum
853 1652 970 1682 avium
990 1652 1221 1692 strepitumque
1236 1651 1430 1692 fluminum

103 1705 170 1726 non
199 1705 310 1725 vereor
330 1695 621 1735 condiscz'pnlorum
645 1705 685 1725 ne
709 1695 785 1735 quis
809 1695 1013 1731 exaudiat,
1041 1695 1098 1726 i.e.
1126 1704 1174 1725 ne
1194 1694 1284 1734 quis
1310 1695 1431 1735 plane

104 1737 309 1779 percipiat
333 1748 391 1768 me
414 1738 488 1768 hoc
512 1737 775 1775 concessisse,
803 1748 848 1768 or.
874 1748 908 1778 p.
929 1737 1011 1768 Sull.
1029 1737 1044 1774 ἓ
1061 1746 1111 1776 33,
1132 1737 1280 1767 maxima
1301 1747 1372 1767 voce
1393 1741 1432 1767 ut

104 1791 210 1813 omnes
232 1781 426 1811 exaudire
439 1780 609 1820 possint,
630 1781 675 1811 ib.
692 1782 708 1816 ξ
726 1791 766 1820 34
782 1785 821 1810 ut
835 1780 917 1811 idem
933 1790 1041 1810 omnes
1060 1780 1238 1811 exaudio
1248 1784 1300 1815 nt,
1316 1780 1429 1810 claris-

105 1823 190 1854 sima
205 1833 274 1854 voce
287 1823 403 1860 dicam,
421 1823 529 1854 where
545 1834 598 1854 see
616 1822 748 1854 Halm’s
764 1828 851 1860 note,
872 1833 918 1854 or.
936 1833 969 1864 p.
988 1823 1098 1863 Ligar.
1116 1824 1132 1860 ἓ
1149 1822 1169 1854 6
1184 1827 1347 1863 quantum
1363 1833 1433 1853 voce

99 1871 209 1907 potero
234 1867 429 1903 contendam,
453 1870 492 1896 ut
513 1867 569 1897 lzoc
586 1867 729 1907 populus
750 1867 920 1897 Romanus
941 1866 1151 1903 exaudiat,
1178 1876 1225 1897 or.
1249 1876 1282 1907 p.
1307 1865 1380 1896 Mil.
1402 1871 1431 1896 te

105 1909 227 1950 appello
242 1913 270 1939 et
283 1919 318 1939 ea
334 1919 402 1940 voce
417 1913 455 1939 ut
469 1920 518 1939 me
539 1910 734 1940 exaudire
748 1909 862 1950 possis.

170 1969 422 2005 Dyrrhachium
443 1970 563 2005 petere
585 1967 762 2006 contendi]
789 1969 798 1984 ‘
807 1968 823 1999 I
839 1968 935 1999 made
950 1968 994 1999 all
1010 1967 1103 1999 haste
1118 1971 1160 1998 to>
1172 1966 1269 1998 reach
1285 1965 1429 2007 Dyrrha-

106 2009 239 2045 chium‚'
263 2009 302 2040 cf.
326 2010 431 2041 above
454 2009 527 2050 §96
551 2011 571 2041 l.
598 2020 647 2049 22,
676 2011 776 2051 Verg.
804 2011 889 2042 Aen.
918 2019 930 2041 1
960 2019 1018 2051 157
1045 2021 1126 2052 quae
1147 2011 1306 2050 proxima
1335 2009 1430 2040 litora

106 2063 204 2084 cursu
234 2053 482 2083 contendunt
504 2057 647 2094 petere.
708 2054 867 2085 Garatoni
893 2053 992 2085 refers
1018 2058 1052 2084 to
1077 2064 1096 2084 a
1125 2052 1221 2084 letter
1245 2053 1328 2083 stom
1359 2052 1429 2083 Cic.

107 2100 142 2127 to
165 2095 216 2126 his
236 2095 349 2135 family
372 2096 427 2133 (ad
451 2095 528 2126 sam.
553 2104 618 2126 xlv
644 2106 655 2127 1
681 2097 732 2134 §7
757 2096 1037 2137 Dyrrachium
1063 2096 1146 2132 veni,
1172 2095 1259 2136 quod
1278 2099 1307 2125 et
1330 2095 1431 2125 libera

106 2139 221 2169 civitas
233 2142 278 2168 est
294 2138 446 2179 (ideoque
461 2139 533 2178 lege
550 2139 668 2170 Clodia
684 2149 749 2170 non
765 2140 904 2177 tenetur)
921 2144 949 2170 et
963 2139 1000 2170 in
1018 2150 1067 2169 me
1079 2138 1213 2179 officiosa
1227 2142 1257 2168 et
1262 2143 1431 2178 proxuma

107 2181 237 2212 ltaliae.
282 2181 346 2211 Sed
355 2181 387 2211 si
399 2191 449 2211 me
466 2181 600 2222 offendet
621 2182 682 2212 loci
701 2182 872 2218 celebritas,
888 2182 954 2213 alio
973 2192 1022 2212 me
1040 2181 1228 2222 conseram;
1249 2180 1314 2211 this
1334 2180 1431 2211 letter

107 2224 262 2255 however
277 2233 343 2254 was
359 2228 417 2254 not
433 2224 562 2255 written
578 2234 622 2255 on
637 2224 688 2255 his
702 2224 772 2255 first
786 2225 861 2256 visit
877 2229 911 2255 to
932 2224 1228 2265 Dyrrhachium
1246 2223 1304 2254 but
1321 2233 1363 2254 on
1379 2222 1430 2253 his

108 2271 219 2298 return
241 2266 374 2302 thither,
398 2266 488 2297 Nov.
513 2265 601 2305 26th‚
627 2267 692 2298 and
715 2277 751 2298 so
774 2267 815 2299 he
838 2267 946 2298 writes
969 2267 1066 2308 again
1088 2267 1132 2298 ib.
1150 2277 1203 2308 ep.
1220 2275 1237 2306 3
1255 2267 1304 2306 §4
1326 2275 1378 2306 ego
1398 2275 1430 2296 eo
