1593 2488
127 97 233 152 §67]
482 87 486 92 '
697 99 898 139 NOTES
1379 112 1451 151 153

128 199 233 220 'mam
258 187 436 219 munzeba
446 191 504 224 nt
525 187 621 218 Tusc.
641 194 651 217 1
668 188 684 225 ξ
702 197 740 227 32
759 197 943 235 numquam
966 187 1078 218 abisset
1101 188 1154 224 (ad
1172 188 1251 219 deos
1269 189 1453 228 Hercules),

130 231 206 267 msi,
222 241 294 261 cnm
312 232 402 262 inter
415 231 557 261 hommes
572 241 611 260 es
606 234 654 263 τί,
672 241 740 260 eam
757 230 819 260 szbi
834 241 934 260 vzam
951 231 1211 261 7nzcnzvz'..srct

195 276 204 291 ⁴
216 274 306 305 Nota
322 272 595 313 gratificationem
612 273 784 304 molestam
801 278 832 303 et
851 283 887 303 ci
892 284 923 303 m
948 274 1074 313 magnis
1090 273 1317 304 amaritudinis
1333 275 1454 306 aculeis

128 316 363 357 interpositam.
413 316 535 346 Dicens
556 326 698 357 namque
719 325 785 346 non
805 315 899 346 aliter
914 316 956 346 ad
977 316 1117 346 honores
1140 316 1369 357 adipiscendos
1386 329 1453 358 per-

127 365 299 391 venturum
322 369 391 389 esse
415 359 626 389 Laterensem
658 368 757 400 quam
788 358 916 389 Tullius
947 359 1312 400 ipse...de.,.subiunxit
1343 360 1454 391 testifi-

127 403 244 438 cando,
261 412 295 433 se
317 412 384 432 non
407 401 534 442 generis
558 401 729 432 nobilitate
752 401 807 432 sed
832 402 951 432 virtute
969 402 1011 432 ad
1033 402 1139 432 omnis
1161 403 1367 442 magistratus
1385 414 1453 444 per-

128 445 275 483 venisse;
308 445 519 476 Laterensem
547 444 609 475 hoc
632 445 772 485 amplius
798 445 979 475 adiumenti
1006 445 1207 479 habiturum,
1236 446 1324 486 quod
1352 447 1454 477 nobili

126 488 251 519 familia
275 494 363 518 ortus
388 488 421 518 in
450 487 622 518 candidam
650 488 771 518 veniat.
820 488 891 519 Sibi
919 498 997 528 ergo
1024 488 1224 519 adiudicavit
1249 499 1314 519 non
1344 489 1452 519 laeno-

126 531 211 562 cinia
237 531 363 572 generis
389 530 446 561 sed
471 530 704 569 praestantiam
732 531 881 568 virtutis3
915 531 963 561 illi
990 541 1067 562 vero
1092 542 1184 571 spem
1212 531 1253 562 de
1277 531 1454 563 maioribus

126 574 226 612 dedit,
247 574 335 615 quod
352 573 541 614 suffragium
557 573 676 604 scimus
693 584 763 605 esse
780 573 954 605 fortunae.’
1000 582 1127 605 SCHOL.
1156 582 1270 605 ΑΜΒΚ.

189 641 211 670 1.
240 642 287 669 24.
336 641 428 676 quod
456 640 862 676 ego—commendatione
892 639 1079 678 maiorum]
1103 639 1158 670 the
1189 639 1361 671 antithesis
1392 638 1454 679 (εξ)

125 682 280 719 ascendi),
301 682 409 712 which
431 692 538 713 serves
565 692 600 712 as
623 692 642 712 a
665 681 721 712 soil
748 687 781 713 to
808 683 904 723 bring
925 690 981 713 out
1003 683 1058 713 the
1083 682 1233 723 thought,
1258 684 1321 713 and
1347 683 1453 714 which

126 736 174 757 we
191 725 306 756 should
324 725 493 756 introduce
508 735 544 755 as
565 735 584 755 a
600 725 810 756 subordinate
834 726 942 756 clause
966 726 1009 765 by
1027 729 1033 742 ‘
1048 725 1167 761 while,’
1185 727 1210 756 is
1227 726 1453 757 co-ordinatetl

126 779 162 799 as
186 779 205 798 a
225 768 315 799 main
336 768 454 800 clause.
505 769 567 800 See
583 768 687 799 above
711 770 727 806 ἓ
751 779 788 808 41
809 768 830 799 l.
849 779 887 809 3²
912 779 958 806 n.‚
987 769 1145 809 Nagelsb.
1175 769 1232 799 lat.
1250 768 1324 800 Stil.
1344 771 1360 808 ἓ
1381 769 1448 807 160,

125 811 232 850 §161.

188 878 211 908 1.
233 879 281 907 25.
328 876 409 915 huc]
432 886 476 907 sc.
496 876 543 907 ad
568 876 754 917 gloriam.

189 944 212 968 a
223 944 278 967 me
289 935 402 974 ortus]
428 935 541 966 Madv.
561 936 602 966 de
619 935 675 966 fin.
693 944 717 965 v
734 937 750 974 ἓ
767 934 809 975 64
823 946 857 977 p.
877 944 950 975 720.
996 936 1113 967 Cicero
1129 947 1195 968 was
1211 941 1326 968 auctor
1340 937 1453 967 nobill—
1487 968 1491 972 ⁴
1535 968 1542 971 ,
1557 960 1560 961 ⁷
1588 937 1593 971 'A

127 980 204 1011 tatis
219 990 298 1010 suae
314 979 424 1015 (Tusc.
445 986 483 1009 IV
499 979 516 1016 ξ
534 979 565 1016 2)
592 978 668 1009 ‘the
690 978 829 1009 founder
851 979 888 1009 of
908 979 958 1010 his
974 979 1114 1027 samily‚'
1130 990 1177 1015 or,
1202 990 1236 1010 as
1258 980 1301 1011 he
1323 990 1397 1019 says
1419 979 1458 1010 of
1489 984 1491 987 ’
1514 977 1550 1015 ’ρκ
1574 1020 1579 1027 Ι

126 1023 274 1071 Pompey
296 1022 400 1060 (Brut.
423 1022 440 1059 ἓ
464 1020 529 1063 96),
554 1022 656 1057 lwmo,
678 1027 739 1062 per
760 1033 790 1052 se
816 1023 968 1062 cognitus,
996 1033 1067 1053 stne
1089 1023 1160 1053 ulla
1183 1023 1492 1054 commendatione

126 1066 300 1103 maiorum,
320 1065 385 1096 and
409 1064 447 1095 of
467 1065 551 1095 Cato
576 1064 617 1104 (V
621 1075 681 1095 err.
708 1072 737 1095 ΙΙ
762 1074 777 1104 5
803 1065 820 1102 ἓ
848 1066 920 1105 180)
946 1066 1011 1105 ipse
1032 1065 1088 1096 sui
1105 1076 1234 1106 gcnerzs
1255 1066 1394 1096 ini'lzum
1416 1076 1455 1096 ac

125 1109 268 1140 nomznis
289 1108 329 1138 ab
350 1118 381 1138 se
398 1117 495 1148 gregm
518 1112 548 1138 ct
565 1108 744 1148 pazssaomi
763 1108 894 1138 volebat.
940 1109 1022 1139 Also
1039 1108 1077 1139 of
1094 1109 1230 1140 himself
1250 1109 1309 1147 (or.
1329 1109 1370 1140 de
1387 1109 1450 1150 leg.

125 1162 193 1193 agr,
214 1160 242 1182 ΙΙ
259 1152 275 1189 §5
296 1153 323 1189 1)
342 1133 451 1188 mi'lu?
459 1151 609 1190 Qni'rztes,
630 1152 720 1192 apud
739 1161 793 1181 vos
815 1152 851 1182 de
870 1151 947 1181 meis
969 1152 1146 1182 mai'orzbus
1164 1152 1291 1183 di'cemlz
1303 1152 1455 1193 facultas

125 1205 191 1226 non
217 1196 326 1232 datur,
357 1196 423 1225 nori
450 1205 512 1235 quo
538 1205 604 1224 non
630 1195 707 1224 tales
725 1193 870 1234 fuerint,
905 1195 1016 1235 quales
1046 1205 1104 1225 nos
1132 1195 1268 1226 illorum
1297 1195 1457 1235 sangnine

124 1243 244 1270 creatos
266 1238 512 1278 disciplinisque
538 1237 703 1268 institutos
729 1237 856 1274 vidctis,
883 1237 938 1268 sed
957 1237 1044 1278 quod
1066 1238 1161 1268 laude
1179 1238 1338 1279 populari
1359 1243 1456 1279 atque

124 1282 255 1314 honoris
270 1281 370 1312 vestri
384 1281 453 1311 luce
465 1286 654 1312 caruerunt.

187 1348 212 1377 1.
240 1349 286 1377 26.
337 1347 407 1377 sed.
438 1344 480 1376 at
509 1344 663 1383 redeam]
688 1347 707 1376 a
733 1344 810 1376 final
837 1344 1075 1386 parenthetical
1098 1345 1215 1384 clause,
1243 1346 1260 1384 §
1285 1354 1324 1386 25
1348 1346 1370 1377 l.
1400 1344 1448 1383 26,

124 1391 144 1428 ἓ
158 1389 197 1421 62
216 1390 237 1420 1.
255 1399 307 1429 33.
355 1388 437 1419 This
453 1388 480 1419 is
496 1399 515 1419 a
531 1399 684 1419 common
700 1388 783 1419 soi-m
800 1388 837 1419 of
849 1390 1013 1420 revocatio.

187 1455 210 1484 1.
230 1455 280 1484 27.
327 1451 435 1490 sorte]
458 1460 493 1482 as
509 1457 661 1492 quaestor
680 1451 717 1482 of
738 1453 945 1488 Macedonia,
963 1452 1013 1484 for
1029 1453 1085 1484 the
1101 1459 1268 1494 quaestors
1282 1453 1348 1484 had
1370 1453 1454 1485 their

125 1495 350 1537 ‘provinciae'
376 1495 580 1525 determined
605 1495 649 1535 by
675 1495 733 1530 lot
759 1506 794 1526 as
820 1496 887 1526 Cic.
920 1496 994 1527 tells
1017 1507 1056 1527 us
1085 1507 1137 1537 ep.
1167 1497 1209 1527 ad
1237 1496 1302 1536 Qu.
1330 1497 1365 1527 fr.
1398 1504 1409 1527 1
1439 1508 1447 1528 1

123 1544 365 1580 quaestorem
387 1538 461 1568 lzab
459 1548 490 1573 s,
513 1548 578 1568 non
597 1542 653 1568 tuo
672 1539 794 1569 iudzct'o
812 1539 976 1574 delectum,
995 1539 1051 1569 secl
1067 1550 1139 1570 eum
1158 1551 1249 1580 quem
1268 1550 1336 1570 sors
1354 1540 1449 1576 dedzfll

123 1584 157 1613 in
185 1582 226 1622 Q.
258 1582 352 1612 Caec.
381 1581 448 1611 div.
472 1582 488 1619 ξ
512 1579 552 1618 46
576 1582 793 1621 quaestorzs
815 1592 887 1612 cum
907 1587 1058 1622 praetore
1080 1583 1306 1614 nccessztudzn
1304 1593 1354 1619 -ηι,
1381 1593 1452 1613 con-

121 1625 274 1656 stztutam
290 1635 376 1655 mom
390 1635 565 1662 ηιαῑο)’,ιιυι
586 1625 705 1654 sortzs
725 1625 817 1655 reli<
803 1625 927 1665 μακε.

187 1685 279 1723 lege]
308 1684 342 1715 in
365 1684 420 1715 the
444 1683 566 1715 service
590 1683 628 1714 of
645 1694 674 1714 u
677 1695 714 1715 ar
741 1694 777 1715 as
800 1685 957 1716 tribunus
979 1685 1136 1723 mzlitum,
1156 1686 1274 1723 which,
1297 1698 1332 1718 as
1354 1687 1454 1729 being

123 1729 261 1760 ordered
279 1728 322 1769 by
338 1728 411 1763 law,
428 1727 470 1758 he
486 1727 583 1757 could
600 1732 657 1758 not
675 1728 789 1759 ev.ade

187 1786 435 1825 necessitate]
428 1797 461 1816 1n
478 1786 532 1816 the
548 1786 695 1817 business
708 1785 746 1817 of
757 1786 812 1818 the
827 1787 966 1825 societas,
981 1787 1089 1819 which
1104 1787 1155 1819 his
1172 1789 1276 1820 father
1288 1791 1452 1822 entrusted

123 1830 191 1861 him
207 1830 299 1861 with.
345 1830 410 1860 But
435 1829 598 1860 Ferratius
622 1829 795 1870 interprets
820 1831 997 1861 necessitate
1021 1832 1196 1863 otherwise
1225 1836 1315 1863 ‘cum
1340 1834 1400 1865 suit
1419 1834 1451 1864 in

123 1874 234 1904 Africa
252 1872 345 1903 miles
367 1873 410 1902 A.
428 1872 627 1913 Torquati,
619 1883 652 1903 1n
678 1872 776 1903 Creta
801 1872 841 1912 Q.
867 1874 1005 1909 Metelli,
1023 1885 1061 1904 ea
1080 1876 1272 1906 necessitate
1295 1877 1454 1907 adductus

123 1927 188 1957 qua
214 1926 328 1947 omnes
353 1915 553 1956 cogebantur
575 1922 649 1956 post
673 1923 838 1956 sumptam
861 1917 988 1948 virilem
1016 1923 1126 1958 togam
1154 1919 1268 1949 decem
1291 1920 1455 1961 stipendia

123 1957 254 1990 facere)

186 2026 209 2055 1.
229 2027 280 2054 28.
325 2031 395 2054 11011
415 2025 530 2054 valuit
556 2026 660 2054 rebus
689 2025 801 2054 isdem
823 2024 903 2063 cet]
928 2035 994 2056 was
1019 2031 1077 2057 not
1101 2037 1143 2058 an
1167 2033 1278 2058 orator
1300 2039 1336 2059 or
1359 2028 1453 2059 inris-

122 2067 297 2098 consultus.
340 2066 572 2107 Eloquentiam
597 2067 772 2107 significari
797 2074 828 2098 et
849 2068 927 2099 iuris
951 2070 1160 2109 prudentiam
1185 2081 1203 2101 e
1227 2072 1244 2108 ἕ
1269 2069 1308 2102 62
1333 2072 1452 2112 conligi

123 2115 242 2151 potest.
289 2117 333 2140 W.

187 2170 315 2206 quibus
329 2170 479 2199 fortasse
498 2175 569 2199 11011
587 2167 693 2207 nulli]
716 2178 762 2199 sc.
779 2168 932 2200 valent.
980 2170 1109 2201 ‘Verbo
1126 2171 1286 2202 nonnultz'
1302 2181 1375 2202 cum
1392 2172 1454 2211 sig-

123 2212 234 2286 rdiificet
257 2216 342 2242 tecte
366 2211 587 2249 Laterensem,
607 2222 681 2243 cum
705 2212 883 2244 acerbitate
907 2218 998 2254 patet
1025 2214 1215 2245 adverbium
1232 2215 1375 2255 sortasse
1399 2217 1454 2246 ad-

147 2261 228 2287 itum
243 2252 334 2285 esse’
381 2261 426 2284 w.

1476 1016 1507 1034 ..-
