1593 2488
95 86 363 140 XXX11182]
423 89 542 127 PRO
575 89 660 126 CN.
689 89 952 127 PLANCIO
984 89 1206 127 ORATIO
1363 103 1411 139 33

93 174 178 214 dius
194 174 319 220 fidius,
337 176 460 213 multo
480 175 592 213 citius
612 188 740 213 meam
761 177 923 213 salutem
945 189 1016 225 pro
1038 184 1075 214 te
1095 175 1274 214 abiecero
1295 190 1411 225 quam

93 241 163 279 Cn.
188 239 334 277 Plancii
355 240 519 277 salutem
541 239 735 277 tradidero
759 239 1002 277 contentioni
1023 247 1122 278 tuae.
1181 240 1335 285 etenim,
1360 240 1412 278 iu·
1431 244 1481 281 80

91 303 208 348 dices,
229 316 318 340 cum
339 303 519 341 omnibus
545 316 609 341 me
628 302 833 341 virtutibus
858 304 1054 341 adfectum
1076 316 1160 341 esse
1180 304 1306 352 cupio,
1329 311 1411 341 tum

90 366 184 404 nihil
206 374 263 404 est
283 367 390 416 quod
411 366 542 404 malim
564 380 683 416 quam
704 380 766 404 me
780 374 818 404 et
835 380 918 405 esse
932 374 1084 416 gratum
1101 375 1138 404 et
1152 367 1283 405 videri.
1315 369 1411 406 haec

60 448 74 472 5
91 436 148 467 est
167 429 273 467 enim
293 442 372 467 una
390 429 509 468 virtus
529 442 609 467 non
630 431 755 468 solum
776 430 955 476 maxima,
974 431 1042 468 sed
1065 430 1180 468 etiam
1202 438 1324 468 mater
1343 430 1411 468 vir-

90 500 217 531 tutum
246 493 422 531 omnium
454 493 698 543 reliquarum.
768 494 863 543 quid
891 500 950 532 est
978 493 1101 543 pietas
1133 493 1205 531 nisi
1233 495 1411 532 voluntas

88 563 195 606 grata
214 557 252 594 in
273 559 475 606 parentes?
503 558 569 606 qui
589 565 679 596 sunt
693 558 787 596 boni
807 557 920 604 cives,
937 558 1002 607 qui
1023 558 1124 604 belli,
1146 558 1213 607 qui
1234 558 1341 596 domi
1362 559 1411 597 de

90 618 213 668 patria
231 621 332 658 bene
352 627 555 666 merentes,
573 619 647 662 nisi
668 621 733 670 qui
753 621 898 670 patriae
918 620 1108 659 beneficia
1128 621 1412 660 meminerunt?

91 683 158 732 qui
177 683 310 730 sancti,
333 683 398 733 qui
419 684 648 733 religionum
669 686 853 733 colentes,
876 685 950 723 nisi
969 685 1035 735 qui
1061 686 1238 724 meritam
1265 686 1323 724 dis
1343 686 1411 724 im-

46 769 76 786 10
91 742 317 786 mortalibus
336 747 498 796 gratiam
519 747 627 785 iustis
643 748 857 786 honoribus
877 756 916 787 et
935 749 1098 787 memori
1119 757 1250 788 mente
1269 751 1411 799 persol-

91 813 215 849 vunt?
253 822 354 858 quae
383 818 513 860 potest
543 824 626 849 esse
647 811 747 850 vitae
774 812 993 850 iucunditas
1019 813 1179 851 sublatis
1202 813 1411 852 amicitiis?

90 887 191 923 quae
223 888 338 924 porro
369 874 539 912 amicitia
571 883 700 924 potest
729 888 813 914 esse
851 875 950 914 inter
983 876 1183 925 ingratos?
1238 877 1324 926 quis
1352 885 1410 916 est
1429 877 1477 915 81

90 946 264 976 nostrum
292 938 500 976 liberaliter
528 939 715 977 educatus
745 939 808 976 cui
845 952 927 977 non
964 940 1205 987 educatores,
1239 940 1301 978 cui
1329 954 1410 979 non

91 1002 262 1052 magistri
289 1002 354 1040 sui
379 1010 498 1052 atque
525 1004 714 1050 doctores,
737 1003 798 1041 cui
826 1017 906 1041 non
932 1005 1042 1042 locus
1068 1004 1152 1053 ipse
1178 1012 1307 1042 mutus
1333 1005 1408 1051 ille,

47 1087 78 1112 15
93 1066 159 1104 ubi
187 1065 300 1103 alitus
330 1073 397 1104 aut
423 1067 561 1104 doctus
587 1073 655 1112 est,
679 1080 766 1104 cum
787 1074 894 1116 grata
919 1067 1187 1105 recordatione
1213 1067 1253 1104 in
1279 1076 1410 1105 mente

90 1132 285 1170 versetur?
313 1130 420 1169 cuius
434 1144 528 1180 opes
543 1138 674 1170 tantae
690 1144 773 1169 esse
786 1138 950 1180 possunt
962 1139 1029 1169 aut
1044 1145 1229 1181 umquam
1245 1133 1408 1179 fuerunt,

90 1209 192 1245 quae
224 1195 307 1234 sine
336 1197 545 1234 multorum
574 1196 787 1234 amicorum
817 1196 951 1234 officiis
981 1204 1078 1234 stare
1104 1197 1283 1246 possint?
1311 1210 1411 1245 quae

90 1267 194 1299 certe
213 1261 365 1298 sublata
383 1260 570 1298 memoria
590 1268 627 1298 et
646 1261 766 1310 gratia
792 1262 898 1298 nulla
925 1268 1073 1298 exstare
1092 1268 1264 1310 possunt.
1307 1260 1411 1310 equi-

91 1324 183 1361 dem
203 1323 297 1361 nihii
318 1331 396 1361 tam
423 1323 620 1373 proprium
646 1323 815 1361 hominis
842 1323 1020 1361 existimo
1047 1336 1163 1372 quam
1188 1336 1267 1361 non
1288 1324 1410 1361 modo

44 1413 76 1430 20
92 1386 296 1431 beneficio,
331 1387 400 1424 sed
416 1386 545 1431 ,etiam
578 1386 874 1424 benevolentiae
909 1385 1187 1435 significatione
1224 1386 1407 1436 adligari;

92 1450 185 1488 nihil
206 1464 319 1500 porro
338 1457 418 1488 tarn
438 1450 704 1497 inhumanum,
728 1458 807 1488 tam
834 1450 1016 1496 immane,
1038 1458 1119 1488 tam
1145 1452 1268 1489 ferum
1290 1465 1408 1500 quam

91 1516 333 1554 committere
354 1522 395 1553 ut
415 1515 607 1553 beneficio
626 1528 706 1553 non
729 1515 856 1552 dicam
877 1514 1070 1563 indignus,
1093 1516 1162 1553 sed
1181 1515 1304 1553 victus
1326 1529 1410 1553 esse

89 1581 253 1618 videare.
327 1592 427 1628 quae
456 1593 546 1617 cum
575 1579 628 1617 ita
657 1580 743 1624 sint,
774 1579 851 1617 iam
881 1581 1145 1624 succumbam,
1177 1579 1408 1626 Laterensis,
1429 1584 1478 1621 82

90 1643 152 1682 isti
179 1652 247 1683 tuo
276 1644 436 1691 crimini,
458 1657 600 1693 meque
629 1644 669 1682 in
698 1658 745 1683 eo
771 1644 867 1693 ipso,
889 1643 929 1681 in
956 1658 1033 1693 quo
1060 1645 1155 1682 nihil
1174 1652 1303 1694 potest
1326 1658 1410 1683 esse

44 1732 75 1755 25
91 1709 266 1755 nimium,
289 1709 474 1758 quoniam
495 1709 548 1747 ita
568 1718 608 1747 tu
628 1708 696 1755 vis,
719 1708 881 1746 nimium
902 1717 1053 1758 gratum
1075 1722 1158 1746 esse
1180 1711 1407 1754 concedam,

90 1780 300 1823 petamque
319 1787 342 1811 a
360 1774 483 1819 vobis,
505 1773 664 1820 iudices,
686 1781 729 1812 ut
755 1787 841 1812 eum
863 1772 1055 1812 beneficio
1082 1774 1407 1822 complectamini,

91 1850 208 1886 quern
230 1836 295 1886 qui
314 1836 572 1887 reprehendit,
594 1837 634 1874 in
655 1850 702 1875 eo
722 1836 980 1886 reprehendit,
1003 1837 1110 1885 quod
1132 1844 1283 1886 gratum
1302 1851 1409 1887 prae-

90 1907 151 1948 ter,
175 1901 337 1939 modum
366 1901 471 1940 dicat
499 1914 593 1940 esse.
651 1915 779 1950 neque
800 1900 904 1939 enim
930 1900 1025 1938 illud
1052 1901 1100 1939 ad
1128 1901 1409 1950 neglegendam

91 1976 221 2001 meam
245 1964 406 2014 gratiam
437 1965 553 2004 debet
581 1966 720 2012 valere,
742 1965 847 2014 quod
877 1964 972 2002 dixit
1001 1964 1117 2010 idem,
1146 1977 1214 2002 vos
1244 1978 1317 2002 nec
1346 1978 1411 2002 no-

46 2051 78 2074 30
93 2027 215 2066 centis
245 2041 318 2066 nec
351 2027 540 2077 litigiosos
573 2041 668 2073 esse,
700 2041 777 2077 quo
806 2027 935 2065 minus
964 2040 1028 2066 me
1056 2028 1160 2076 apud
1186 2040 1256 2065 vos
1284 2029 1410 2066 valere

93 2098 302 2142 oporteret:
334 2092 443 2141 quasi
462 2104 552 2130 vero
573 2091 613 2129 in
632 2091 802 2129 amicitia
827 2105 915 2129 mea
939 2104 1020 2129 non
1040 2092 1137 2129 haec
1157 2090 1357 2141 praesidia,
1380 2092 1410 2128 si

93 2168 193 2205 quae
213 2156 310 2193 forte
330 2162 420 2193 sunt
438 2155 479 2192 in
504 2168 579 2202 me,
600 2162 735 2204 parata
760 2168 914 2204 semper
938 2154 1072 2193 amicis
1100 2168 1183 2193 esse
1208 2153 1409 2192 maluerim

93 2231 210 2268 quam
240 2218 464 2257 necessaria.
522 2219 668 2259 etenim
694 2232 766 2270 ego
788 2220 837 2258 de
857 2233 919 2258 me
941 2227 1092 2258 tantum
1119 2220 1247 2258 audeo
1268 2218 1408 2263 dicere,

207 2303 254 2336 H.
1275 2305 1295 2345 3
