<?xml version="1.0" encoding="UTF-8"?>
<!DOCTYPE html PUBLIC "-//W3C//DTD XHTML 1.0 Transitional//EN"
    "http://www.w3.org/TR/xhtml1/DTD/xhtml1-transitional.dtd">
<html xmlns="http://www.w3.org/1999/xhtml" xml:lang="en" lang="en">
 <head>
  <title>
</title>
<meta http-equiv="Content-Type" content="text/html;charset=utf-8" />
  <meta name='ocr-system' content='tesseract 3.04.00' />
  <meta name='ocr-capabilities' content='ocr_page ocr_carea ocr_par ocr_line ocrx_word'/>
</head>
<body>
  <div class='ocr_page' id='page_1' title='image "./prognaeoplancioo00ciceuoft_0121.png"; bbox 0 0 1593 2488; ppageno 0'>
   <div class='ocr_carea' id='block_1_1' title="bbox 108 130 1425 193">
    <p class='ocr_par' dir='ltr' id='par_1_1' title="bbox 108 130 1425 193">
     <span class='ocr_line' id='line_1_1' title="bbox 108 130 1425 193; baseline 0.01 -25"><span class='ocrx_word' id='word_1_1' title='bbox 108 130 364 185; x_wconf 86' lang='lat' dir='ltr'><strong>XXXV187]</strong></span> <span class='ocrx_word' id='word_1_2' title='bbox 415 135 534 174; x_wconf 78' lang='lat' dir='ltr'><strong>PRO</strong></span> <span class='ocrx_word' id='word_1_3' title='bbox 568 137 654 174; x_wconf 77' lang='lat' dir='ltr'><strong>CN</strong></span> <span class='ocrx_word' id='word_1_4' title='bbox 684 138 948 178; x_wconf 40' lang='lat' dir='ltr'><strong>PLAisvcso</strong></span> <span class='ocrx_word' id='word_1_5' title='bbox 981 139 1202 180; x_wconf 75' lang='lat' dir='ltr'><em>ORATIO</em></span> <span class='ocrx_word' id='word_1_6' title='bbox 1378 156 1425 193; x_wconf 80' lang='lat'><strong>35</strong></span> 
     </span>
    </p>
   </div>
   <div class='ocr_carea' id='block_1_2' title="bbox 35 222 1486 2335">
    <p class='ocr_par' dir='ltr' id='par_1_2' title="bbox 35 222 1486 2335">
     <span class='ocr_line' id='line_1_2' title="bbox 106 222 1428 276; baseline 0.009 -20"><span class='ocrx_word' id='word_1_7' title='bbox 106 231 257 270; x_wconf 82' lang='lat' dir='ltr'><strong>magna,</strong></span> <span class='ocrx_word' id='word_1_8' title='bbox 278 222 386 270; x_wconf 87' lang='lat' dir='ltr'><strong>quod</strong></span> <span class='ocrx_word' id='word_1_9' title='bbox 415 235 546 260; x_wconf 88' lang='lat' dir='ltr'><strong>meum</strong></span> <span class='ocrx_word' id='word_1_10' title='bbox 576 223 803 271; x_wconf 89' lang='lat' dir='ltr'><strong>discessum,</strong></span> <span class='ocrx_word' id='word_1_11' title='bbox 835 238 953 274; x_wconf 87' lang='lat' dir='ltr'><strong>quem</strong></span> <span class='ocrx_word' id='word_1_12' title='bbox 982 239 1099 276; x_wconf 87' lang='lat' dir='ltr'><strong>saepe</strong></span> <span class='ocrx_word' id='word_1_13' title='bbox 1129 228 1302 275; x_wconf 76' lang='lat' dir='ltr'><strong>defleras,</strong></span> <span class='ocrx_word' id='word_1_14' title='bbox 1325 243 1428 268; x_wconf 86' lang='lat' dir='ltr'><strong>nunc</strong></span> 
     </span>
     <span class='ocr_line' id='line_1_3' title="bbox 105 282 1427 333; baseline 0.008 -14"><span class='ocrx_word' id='word_1_15' title='bbox 105 282 214 331; x_wconf 86' lang='lat' dir='ltr'><strong>quasi</strong></span> <span class='ocrx_word' id='word_1_16' title='bbox 246 285 530 333; x_wconf 85' lang='lat' dir='ltr'><strong>reprehendere</strong></span> <span class='ocrx_word' id='word_1_17' title='bbox 563 294 602 325; x_wconf 90' lang='lat' dir='ltr'><strong>et</strong></span> <span class='ocrx_word' id='word_1_18' title='bbox 635 288 890 327; x_wconf 81' lang='lat' dir='ltr'><strong>subaccusare</strong></span> <span class='ocrx_word' id='word_1_19' title='bbox 921 289 1086 328; x_wconf 80' lang='lat' dir='ltr'><strong>voluisti.</strong></span> <span class='ocrx_word' id='word_1_20' title='bbox 1160 291 1288 329; x_wconf 75' lang='lat' dir='ltr'><strong>dixisti</strong></span> <span class='ocrx_word' id='word_1_21' title='bbox 1322 294 1427 330; x_wconf 89' lang='lat' dir='ltr'><strong>enim</strong></span> 
     </span>
     <span class='ocr_line' id='line_1_4' title="bbox 104 347 1427 404; baseline 0.009 -21"><span class='ocrx_word' id='word_1_22' title='bbox 104 358 184 384; x_wconf 90' lang='lat' dir='ltr'><strong>non</strong></span> <span class='ocrx_word' id='word_1_23' title='bbox 204 347 389 386; x_wconf 82' lang='lat' dir='ltr'><strong>auxilium</strong></span> <span class='ocrx_word' id='word_1_24' title='bbox 410 349 516 397; x_wconf 86' lang='lat' dir='ltr'><strong>mihi,</strong></span> <span class='ocrx_word' id='word_1_25' title='bbox 539 352 607 389; x_wconf 87' lang='lat' dir='ltr'><strong>sed</strong></span> <span class='ocrx_word' id='word_1_26' title='bbox 629 364 690 389; x_wconf 88' lang='lat' dir='ltr'><strong>me</strong></span> <span class='ocrx_word' id='word_1_27' title='bbox 710 353 854 390; x_wconf 81' lang='lat' dir='ltr'><strong>auxilio</strong></span> <span class='ocrx_word' id='word_1_28' title='bbox 875 353 1056 392; x_wconf 74' lang='lat' dir='ltr'><strong>defuisse.</strong></span> <span class='ocrx_word' id='word_1_29' title='bbox 1100 368 1172 404; x_wconf 78' lang='lat' dir='ltr'><strong>ego</strong></span> <span class='ocrx_word' id='word_1_30' title='bbox 1193 369 1284 393; x_wconf 84' lang='lat' dir='ltr'><strong>vero</strong></span> <span class='ocrx_word' id='word_1_31' title='bbox 1304 358 1427 395; x_wconf 86' lang='lat' dir='ltr'><strong>fateor</strong></span> 
     </span>
     <span class='ocr_line' id='line_1_5' title="bbox 103 412 1427 465; baseline 0.009 -19"><span class='ocrx_word' id='word_1_32' title='bbox 103 422 177 456; x_wconf 90' lang='lat' dir='ltr'><strong>me,</strong></span> <span class='ocrx_word' id='word_1_33' title='bbox 198 413 305 460; x_wconf 87' lang='lat' dir='ltr'><strong>quod</strong></span> <span class='ocrx_word' id='word_1_34' title='bbox 326 412 487 451; x_wconf 88' lang='lat' dir='ltr'><strong>viderim</strong></span> <span class='ocrx_word' id='word_1_35' title='bbox 508 415 603 452; x_wconf 87' lang='lat' dir='ltr'><strong>mihi</strong></span> <span class='ocrx_word' id='word_1_36' title='bbox 629 416 813 453; x_wconf 77' lang='lat' dir='ltr'><strong>auxilium</strong></span> <span class='ocrx_word' id='word_1_37' title='bbox 841 430 920 454; x_wconf 85' lang='lat' dir='ltr'><strong>non</strong></span> <span class='ocrx_word' id='word_1_38' title='bbox 948 419 1096 465; x_wconf 88' lang='lat' dir='ltr'><strong>deesse,</strong></span> <span class='ocrx_word' id='word_1_39' title='bbox 1121 419 1266 457; x_wconf 84' lang='lat' dir='ltr'><strong>idcirco</strong></span> <span class='ocrx_word' id='word_1_40' title='bbox 1290 433 1352 458; x_wconf 90' lang='lat' dir='ltr'><strong>me</strong></span> <span class='ocrx_word' id='word_1_41' title='bbox 1373 421 1427 459; x_wconf 89' lang='lat' dir='ltr'><strong>illi</strong></span> 
     </span>
     <span class='ocr_line' id='line_1_6' title="bbox 71 475 1426 534; baseline 0.008 -23"><span class='ocrx_word' id='word_1_42' title='bbox 71 475 243 517; x_wconf 75' lang='lat' dir='ltr'><strong>sauxilio</strong></span> <span class='ocrx_word' id='word_1_43' title='bbox 273 477 501 526; x_wconf 90' lang='lat' dir='ltr'><strong>pepercisse.</strong></span> <span class='ocrx_word' id='word_1_44' title='bbox 561 479 627 528; x_wconf 84' lang='lat' dir='ltr'><strong>qui</strong></span> <span class='ocrx_word' id='word_1_45' title='bbox 656 479 761 517; x_wconf 89' lang='lat' dir='ltr'><strong>enim</strong></span> <span class='ocrx_word' id='word_1_46' title='bbox 791 488 922 527; x_wconf 86' lang='lat' dir='ltr'><strong>status,</strong></span> <span class='ocrx_word' id='word_1_47' title='bbox 946 483 1052 531; x_wconf 85' lang='lat' dir='ltr'><strong>quod</strong></span> <span class='ocrx_word' id='word_1_48' title='bbox 1081 483 1300 532; x_wconf 78' lang='lat' dir='ltr'><strong>discrimen,</strong></span> <span class='ocrx_word' id='word_1_49' title='bbox 1325 498 1426 534; x_wconf 81' lang='lat' dir='ltr'><strong>quae</strong></span> 
     </span>
     <span class='ocr_line' id='line_1_7' title="bbox 101 538 1425 594; baseline 0.008 -18"><span class='ocrx_word' id='word_1_50' title='bbox 101 538 212 577; x_wconf 85' lang='lat' dir='ltr'><strong>suerit</strong></span> <span class='ocrx_word' id='word_1_51' title='bbox 237 539 276 578; x_wconf 91' lang='lat' dir='ltr'><strong>in</strong></span> <span class='ocrx_word' id='word_1_52' title='bbox 301 554 341 578; x_wconf 88' lang='lat' dir='ltr'><strong>re</strong></span> <span class='ocrx_word' id='word_1_53' title='bbox 366 543 523 591; x_wconf 91' lang='lat' dir='ltr'><strong>publica</strong></span> <span class='ocrx_word' id='word_1_54' title='bbox 548 550 759 593; x_wconf 76' lang='lat' dir='ltr'><strong>tempestas</strong></span> <span class='ocrx_word' id='word_1_55' title='bbox 785 544 850 582; x_wconf 83' lang='lat' dir='ltr'><strong>illa</strong></span> <span class='ocrx_word' id='word_1_56' title='bbox 875 545 962 594; x_wconf 85' lang='lat' dir='ltr'><strong>quis</strong></span> <span class='ocrx_word' id='word_1_57' title='bbox 989 547 1141 585; x_wconf 87' lang='lat' dir='ltr'><strong>nescit?</strong></span> <span class='ocrx_word' id='word_1_58' title='bbox 1196 548 1425 587; x_wconf 86' lang='lat' dir='ltr'><strong>tribunicius</strong></span> 
     </span>
     <span class='ocr_line' id='line_1_8' title="bbox 100 608 1424 654; baseline 0.01 -14"><span class='ocrx_word' id='word_1_59' title='bbox 100 616 163 642; x_wconf 91' lang='lat' dir='ltr'><strong>me</strong></span> <span class='ocrx_word' id='word_1_60' title='bbox 189 611 309 644; x_wconf 89' lang='lat' dir='ltr'><strong>terror</strong></span> <span class='ocrx_word' id='word_1_61' title='bbox 337 620 386 644; x_wconf 87' lang='lat' dir='ltr'><strong>an</strong></span> <span class='ocrx_word' id='word_1_62' title='bbox 414 608 626 647; x_wconf 90' lang='lat' dir='ltr'><strong>consularis</strong></span> <span class='ocrx_word' id='word_1_63' title='bbox 651 610 756 648; x_wconf 86' lang='lat' dir='ltr'><strong>furor</strong></span> <span class='ocrx_word' id='word_1_64' title='bbox 782 611 927 649; x_wconf 85' lang='lat' dir='ltr'><strong>movit?</strong></span> <span class='ocrx_word' id='word_1_65' title='bbox 982 613 1181 651; x_wconf 87' lang='lat' dir='ltr'><strong>decertare</strong></span> <span class='ocrx_word' id='word_1_66' title='bbox 1201 613 1296 651; x_wconf 90' lang='lat' dir='ltr'><strong>mihi</strong></span> <span class='ocrx_word' id='word_1_67' title='bbox 1325 616 1424 654; x_wconf 89' lang='lat' dir='ltr'><strong>ferro</strong></span> 
     </span>
     <span class='ocr_line' id='line_1_9' title="bbox 100 670 1425 728; baseline 0.01 -24"><span class='ocrx_word' id='word_1_68' title='bbox 100 679 285 717; x_wconf 78' lang='lat' dir='ltr'><strong>magnum</strong></span> <span class='ocrx_word' id='word_1_69' title='bbox 311 670 381 709; x_wconf 89' lang='lat' dir='ltr'><strong>fuit</strong></span> <span class='ocrx_word' id='word_1_70' title='bbox 405 685 493 709; x_wconf 86' lang='lat' dir='ltr'><strong>cum</strong></span> <span class='ocrx_word' id='word_1_71' title='bbox 521 672 690 722; x_wconf 85' lang='lat' dir='ltr'><strong>reliquiis</strong></span> <span class='ocrx_word' id='word_1_72' title='bbox 714 687 860 721; x_wconf 86' lang='lat' dir='ltr'><strong>eorum,</strong></span> <span class='ocrx_word' id='word_1_73' title='bbox 883 688 982 724; x_wconf 85' lang='lat' dir='ltr'><strong>quos</strong></span> <span class='ocrx_word' id='word_1_74' title='bbox 1012 690 1084 725; x_wconf 85' lang='lat' dir='ltr'><strong>ego</strong></span> <span class='ocrx_word' id='word_1_75' title='bbox 1106 677 1278 716; x_wconf 89' lang='lat' dir='ltr'><strong>florentis</strong></span> <span class='ocrx_word' id='word_1_76' title='bbox 1307 686 1425 728; x_wconf 85' lang='lat' dir='ltr'><strong>atque</strong></span> 
     </span>
     <span class='ocr_line' id='line_1_10' title="bbox 99 731 1425 790; baseline 0.01 -21"><span class='ocrx_word' id='word_1_77' title='bbox 99 731 267 782; x_wconf 82' lang='lat' dir='ltr'><strong>integros</strong></span> <span class='ocrx_word' id='word_1_78' title='bbox 287 734 370 772; x_wconf 87' lang='lat' dir='ltr'><strong>sine</strong></span> <span class='ocrx_word' id='word_1_79' title='bbox 390 736 490 774; x_wconf 86' lang='lat' dir='ltr'><strong>ferro</strong></span> <span class='ocrx_word' id='word_1_80' title='bbox 505 736 697 776; x_wconf 76' lang='lat' dir='ltr'><strong>viceram?</strong></span> <span class='ocrx_word' id='word_1_81' title='bbox 743 741 923 778; x_wconf 87' lang='lat' dir='ltr'><strong>consules</strong></span> <span class='ocrx_word' id='word_1_82' title='bbox 944 749 1033 790; x_wconf 86' lang='lat' dir='ltr'><strong>post</strong></span> <span class='ocrx_word' id='word_1_83' title='bbox 1053 742 1258 780; x_wconf 89' lang='lat' dir='ltr'><strong>hominum</strong></span> <span class='ocrx_word' id='word_1_84' title='bbox 1278 755 1425 782; x_wconf 88' lang='lat' dir='ltr'><strong>memo-</strong></span> 
     </span>
     <span class='ocr_line' id='line_1_11' title="bbox 52 796 1423 856; baseline 0.01 -24"><span class='ocrx_word' id='word_1_85' title='bbox 52 815 83 832; x_wconf 80' lang='grc' dir='ltr'><strong>ιο</strong></span> <span class='ocrx_word' id='word_1_86' title='bbox 99 796 193 834; x_wconf 87' lang='lat' dir='ltr'><strong>riam</strong></span> <span class='ocrx_word' id='word_1_87' title='bbox 215 799 421 837; x_wconf 79' lang='lat' dir='ltr'><strong>taeterrimi</strong></span> <span class='ocrx_word' id='word_1_88' title='bbox 447 808 565 850; x_wconf 82' lang='lat' dir='ltr'><strong>atque</strong></span> <span class='ocrx_word' id='word_1_89' title='bbox 593 802 815 851; x_wconf 83' lang='lat' dir='ltr'><strong>turpissimi,</strong></span> <span class='ocrx_word' id='word_1_90' title='bbox 838 803 936 842; x_wconf 84' lang='lat' dir='ltr'><strong>sieut</strong></span> <span class='ocrx_word' id='word_1_91' title='bbox 963 812 1001 842; x_wconf 88' lang='lat' dir='ltr'><strong>et</strong></span> <span class='ocrx_word' id='word_1_92' title='bbox 1027 805 1093 843; x_wconf 87' lang='lat' dir='ltr'><strong>illa</strong></span> <span class='ocrx_word' id='word_1_93' title='bbox 1118 806 1306 856; x_wconf 87' lang='lat' dir='ltr'><strong>principia</strong></span> <span class='ocrx_word' id='word_1_94' title='bbox 1325 816 1363 846; x_wconf 89' lang='lat' dir='ltr'><strong>et</strong></span> <span class='ocrx_word' id='word_1_95' title='bbox 1383 809 1423 846; x_wconf 90' lang='lat' dir='ltr'><strong>hi</strong></span> 
     </span>
     <span class='ocr_line' id='line_1_12' title="bbox 98 866 1421 918; baseline 0.008 -19"><span class='ocrx_word' id='word_1_96' title='bbox 98 870 272 902; x_wconf 83' lang='lat' dir='ltr'><strong>recentes</strong></span> <span class='ocrx_word' id='word_1_97' title='bbox 301 877 428 902; x_wconf 89' lang='lat' dir='ltr'><strong>rerum</strong></span> <span class='ocrx_word' id='word_1_98' title='bbox 458 866 584 904; x_wconf 77' lang='lat' dir='ltr'><strong>exitus</strong></span> <span class='ocrx_word' id='word_1_99' title='bbox 612 868 867 915; x_wconf 86' lang='lat' dir='ltr'><strong>declararunt,</strong></span> <span class='ocrx_word' id='word_1_100' title='bbox 890 882 1055 918; x_wconf 88' lang='lat' dir='ltr'><strong>quorum</strong></span> <span class='ocrx_word' id='word_1_101' title='bbox 1084 872 1182 908; x_wconf 85' lang='lat' dir='ltr'><strong>alter</strong></span> <span class='ocrx_word' id='word_1_102' title='bbox 1210 872 1421 910; x_wconf 81' lang='lat' dir='ltr'><strong>exercitum</strong></span> 
     </span>
     <span class='ocr_line' id='line_1_13' title="bbox 97 927 1422 985; baseline 0.008 -22"><span class='ocrx_word' id='word_1_103' title='bbox 97 927 278 974; x_wconf 84' lang='lat' dir='ltr'><strong>perdidit,</strong></span> <span class='ocrx_word' id='word_1_104' title='bbox 299 930 395 966; x_wconf 89' lang='lat' dir='ltr'><strong>alter</strong></span> <span class='ocrx_word' id='word_1_105' title='bbox 414 930 602 976; x_wconf 87' lang='lat' dir='ltr'><strong>vendidit,</strong></span> <span class='ocrx_word' id='word_1_106' title='bbox 626 932 766 981; x_wconf 88' lang='lat' dir='ltr'><strong>emptis</strong></span> <span class='ocrx_word' id='word_1_107' title='bbox 786 932 995 982; x_wconf 80' lang='lat' dir='ltr'><strong>provinciis</strong></span> <span class='ocrx_word' id='word_1_108' title='bbox 1016 948 1036 971; x_wconf 90' lang='lat' dir='ltr'><strong>a</strong></span> <span class='ocrx_word' id='word_1_109' title='bbox 1058 943 1207 980; x_wconf 88' lang='lat' dir='ltr'><strong>senatu,</strong></span> <span class='ocrx_word' id='word_1_110' title='bbox 1225 948 1248 972; x_wconf 90' lang='lat' dir='ltr'><strong>a</strong></span> <span class='ocrx_word' id='word_1_111' title='bbox 1267 948 1307 973; x_wconf 90' lang='lat' dir='ltr'><strong>re</strong></span> <span class='ocrx_word' id='word_1_112' title='bbox 1326 937 1422 985; x_wconf 87' lang='lat' dir='ltr'><strong>pub-</strong></span> 
     </span>
     <span class='ocr_line' id='line_1_14' title="bbox 96 989 1420 1050; baseline 0.01 -24"><span class='ocrx_word' id='word_1_113' title='bbox 96 989 178 1037; x_wconf 88' lang='lat' dir='ltr'><strong>liea,</strong></span> <span class='ocrx_word' id='word_1_114' title='bbox 194 1003 217 1028; x_wconf 81' lang='lat' dir='ltr'><strong>a</strong></span> <span class='ocrx_word' id='word_1_115' title='bbox 237 992 349 1030; x_wconf 89' lang='lat' dir='ltr'><strong>bonis</strong></span> <span class='ocrx_word' id='word_1_116' title='bbox 371 993 554 1032; x_wconf 88' lang='lat' dir='ltr'><strong>omnibus</strong></span> <span class='ocrx_word' id='word_1_117' title='bbox 570 996 811 1035; x_wconf 86' lang='lat' dir='ltr'><strong>defecerant:</strong></span> <span class='ocrx_word' id='word_1_118' title='bbox 841 997 907 1047; x_wconf 87' lang='lat' dir='ltr'><strong>qui</strong></span> <span class='ocrx_word' id='word_1_119' title='bbox 928 999 1108 1046; x_wconf 79' lang='lat' dir='ltr'><strong>exercitu,</strong></span> <span class='ocrx_word' id='word_1_120' title='bbox 1123 999 1189 1048; x_wconf 81' lang='lat' dir='ltr'><strong>qui</strong></span> <span class='ocrx_word' id='word_1_121' title='bbox 1209 1000 1337 1047; x_wconf 87' lang='lat' dir='ltr'><strong>armis,</strong></span> <span class='ocrx_word' id='word_1_122' title='bbox 1355 1000 1420 1050; x_wconf 87' lang='lat' dir='ltr'><strong>qui</strong></span> 
     </span>
     <span class='ocr_line' id='line_1_15' title="bbox 96 1054 1417 1110; baseline 0.008 -19"><span class='ocrx_word' id='word_1_123' title='bbox 96 1054 235 1103; x_wconf 85' lang='lat' dir='ltr'><strong>opibus</strong></span> <span class='ocrx_word' id='word_1_124' title='bbox 264 1056 474 1104; x_wconf 85' lang='lat' dir='ltr'><strong>plurimum</strong></span> <span class='ocrx_word' id='word_1_125' title='bbox 502 1065 693 1106; x_wconf 87' lang='lat' dir='ltr'><strong>poterant,</strong></span> <span class='ocrx_word' id='word_1_126' title='bbox 725 1073 814 1097; x_wconf 90' lang='lat' dir='ltr'><strong>cum</strong></span> <span class='ocrx_word' id='word_1_127' title='bbox 849 1060 945 1109; x_wconf 87' lang='lat' dir='ltr'><strong>quid</strong></span> <span class='ocrx_word' id='word_1_128' title='bbox 978 1061 1165 1100; x_wconf 83' lang='lat' dir='ltr'><strong>sentirent</strong></span> <span class='ocrx_word' id='word_1_129' title='bbox 1196 1063 1417 1110; x_wconf 83' lang='lat' dir='ltr'><strong>nesciretur,</strong></span> 
     </span>
     <span class='ocr_line' id='line_1_16' title="bbox 49 1118 1415 1173; baseline 0.008 -19"><span class='ocrx_word' id='word_1_130' title='bbox 49 1136 78 1158; x_wconf 76' lang='lat'><strong>15</strong></span> <span class='ocrx_word' id='word_1_131' title='bbox 95 1118 236 1157; x_wconf 84' lang='lat' dir='ltr'><strong>furialis</strong></span> <span class='ocrx_word' id='word_1_132' title='bbox 256 1119 321 1157; x_wconf 84' lang='lat' dir='ltr'><strong>illa</strong></span> <span class='ocrx_word' id='word_1_133' title='bbox 334 1133 418 1168; x_wconf 81' lang='lat' dir='ltr'><strong>vox,</strong></span> <span class='ocrx_word' id='word_1_134' title='bbox 437 1121 590 1159; x_wconf 86' lang='lat' dir='ltr'><strong>nefariis</strong></span> <span class='ocrx_word' id='word_1_135' title='bbox 611 1123 763 1171; x_wconf 88' lang='lat' dir='ltr'><strong>stupris,</strong></span> <span class='ocrx_word' id='word_1_136' title='bbox 781 1123 967 1173; x_wconf 79' lang='lat' dir='ltr'><strong>religiosis</strong></span> <span class='ocrx_word' id='word_1_137' title='bbox 983 1125 1167 1164; x_wconf 83' lang='lat' dir='ltr'><strong>altaribus</strong></span> <span class='ocrx_word' id='word_1_138' title='bbox 1183 1127 1415 1173; x_wconf 85' lang='lat' dir='ltr'><strong>effeminata,</strong></span> 
     </span>
     <span class='ocr_line' id='line_1_17' title="bbox 95 1184 1416 1240; baseline 0.009 -22"><span class='ocrx_word' id='word_1_139' title='bbox 95 1193 226 1219; x_wconf 86' lang='lat' dir='ltr'><strong>secum</strong></span> <span class='ocrx_word' id='word_1_140' title='bbox 259 1190 296 1220; x_wconf 88' lang='lat' dir='ltr'><strong>et</strong></span> <span class='ocrx_word' id='word_1_141' title='bbox 330 1184 415 1222; x_wconf 89' lang='lat' dir='ltr'><strong>illos</strong></span> <span class='ocrx_word' id='word_1_142' title='bbox 445 1192 483 1222; x_wconf 91' lang='lat' dir='ltr'><strong>et</strong></span> <span class='ocrx_word' id='word_1_143' title='bbox 511 1188 691 1225; x_wconf 87' lang='lat' dir='ltr'><strong>consules</strong></span> <span class='ocrx_word' id='word_1_144' title='bbox 720 1188 845 1226; x_wconf 78' lang='lat' dir='ltr'><strong>facere</strong></span> <span class='ocrx_word' id='word_1_145' title='bbox 879 1189 1128 1228; x_wconf 85' lang='lat' dir='ltr'><strong>acerbissime</strong></span> <span class='ocrx_word' id='word_1_146' title='bbox 1158 1193 1416 1240; x_wconf 84' lang='lat' dir='ltr'><strong>personabat:</strong></span> 
     </span>
     <span class='ocr_line' id='line_1_18' title="bbox 93 1246 1416 1298; baseline 0.008 -16"><span class='ocrx_word' id='word_1_147' title='bbox 93 1254 251 1294; x_wconf 74' lang='lat' dir='ltr'><strong>egentes</strong></span> <span class='ocrx_word' id='word_1_148' title='bbox 280 1246 319 1284; x_wconf 90' lang='lat' dir='ltr'><strong>in</strong></span> <span class='ocrx_word' id='word_1_149' title='bbox 349 1248 564 1297; x_wconf 86' lang='lat' dir='ltr'><strong>locupletis,</strong></span> <span class='ocrx_word' id='word_1_150' title='bbox 594 1250 735 1298; x_wconf 88' lang='lat' dir='ltr'><strong>perditi</strong></span> <span class='ocrx_word' id='word_1_151' title='bbox 773 1251 813 1288; x_wconf 90' lang='lat' dir='ltr'><strong>in</strong></span> <span class='ocrx_word' id='word_1_152' title='bbox 851 1252 988 1297; x_wconf 88' lang='lat' dir='ltr'><strong>bonos,</strong></span> <span class='ocrx_word' id='word_1_153' title='bbox 1022 1253 1120 1290; x_wconf 85' lang='lat' dir='ltr'><strong>servi</strong></span> <span class='ocrx_word' id='word_1_154' title='bbox 1157 1253 1197 1291; x_wconf 89' lang='lat' dir='ltr'><strong>in</strong></span> <span class='ocrx_word' id='word_1_155' title='bbox 1231 1255 1416 1293; x_wconf 87' lang='lat' dir='ltr'><strong>dominos</strong></span> 
     </span>
     <span class='ocr_line' id='line_1_19' title="bbox 91 1311 1486 1366; baseline 0.008 -20"><span class='ocrx_word' id='word_1_156' title='bbox 91 1311 347 1349; x_wconf 85' lang='lat' dir='ltr'><strong>armabantur.</strong></span> <span class='ocrx_word' id='word_1_157' title='bbox 406 1320 447 1350; x_wconf 86' lang='lat' dir='ltr'><strong>at</strong></span> <span class='ocrx_word' id='word_1_158' title='bbox 471 1321 553 1350; x_wconf 87' lang='lat' dir='ltr'><strong>erat</strong></span> <span class='ocrx_word' id='word_1_159' title='bbox 579 1327 734 1352; x_wconf 91' lang='lat' dir='ltr'><strong>mecum</strong></span> <span class='ocrx_word' id='word_1_160' title='bbox 759 1324 915 1354; x_wconf 86' lang='lat' dir='ltr'><strong>senatus</strong></span> <span class='ocrx_word' id='word_1_161' title='bbox 944 1325 982 1354; x_wconf 90' lang='lat' dir='ltr'><strong>et</strong></span> <span class='ocrx_word' id='word_1_162' title='bbox 1012 1318 1171 1366; x_wconf 87' lang='lat' dir='ltr'><strong>quidem</strong></span> <span class='ocrx_word' id='word_1_163' title='bbox 1200 1327 1307 1356; x_wconf 83' lang='lat' dir='ltr'><strong>veste</strong></span> <span class='ocrx_word' id='word_1_164' title='bbox 1337 1333 1417 1357; x_wconf 88' lang='lat' dir='ltr'><strong>mu-</strong></span> <span class='ocrx_word' id='word_1_165' title='bbox 1437 1326 1486 1363; x_wconf 84' lang='grc'><strong>87</strong></span> 
     </span>
     <span class='ocr_line' id='line_1_20' title="bbox 91 1376 1416 1431; baseline 0.008 -20"><span class='ocrx_word' id='word_1_166' title='bbox 91 1381 181 1420; x_wconf 90' lang='lat' dir='ltr'><strong>tata,</strong></span> <span class='ocrx_word' id='word_1_167' title='bbox 203 1376 312 1423; x_wconf 84' lang='lat' dir='ltr'><strong>quod</strong></span> <span class='ocrx_word' id='word_1_168' title='bbox 340 1388 410 1424; x_wconf 87' lang='lat' dir='ltr'><strong>pro</strong></span> <span class='ocrx_word' id='word_1_169' title='bbox 439 1389 502 1414; x_wconf 91' lang='lat' dir='ltr'><strong>me</strong></span> <span class='ocrx_word' id='word_1_170' title='bbox 533 1391 612 1416; x_wconf 90' lang='lat' dir='ltr'><strong>uno</strong></span> <span class='ocrx_word' id='word_1_171' title='bbox 643 1387 732 1427; x_wconf 89' lang='lat' dir='ltr'><strong>post</strong></span> <span class='ocrx_word' id='word_1_172' title='bbox 763 1379 967 1427; x_wconf 88' lang='lat' dir='ltr'><strong>hominum</strong></span> <span class='ocrx_word' id='word_1_173' title='bbox 997 1382 1225 1420; x_wconf 84' lang='lat' dir='ltr'><strong>memoriam</strong></span> <span class='ocrx_word' id='word_1_174' title='bbox 1257 1384 1416 1431; x_wconf 78' lang='lat' dir='ltr'><strong>publico</strong></span> 
     </span>
     <span class='ocr_line' id='line_1_21' title="bbox 42 1437 1415 1493; baseline 0.009 -20"><span class='ocrx_word' id='word_1_175' title='bbox 42 1456 73 1472; x_wconf 65' lang='grc' dir='ltr'>ω</span> <span class='ocrx_word' id='word_1_176' title='bbox 91 1437 254 1476; x_wconf 90' lang='lat' dir='ltr'><strong>consilio</strong></span> <span class='ocrx_word' id='word_1_177' title='bbox 274 1448 496 1488; x_wconf 87' lang='lat' dir='ltr'><strong>susceptum</strong></span> <span class='ocrx_word' id='word_1_178' title='bbox 517 1449 597 1480; x_wconf 81' lang='lat' dir='ltr'><strong>est:</strong></span> <span class='ocrx_word' id='word_1_179' title='bbox 635 1443 704 1479; x_wconf 88' lang='lat' dir='ltr'><strong>sed</strong></span> <span class='ocrx_word' id='word_1_180' title='bbox 733 1445 937 1482; x_wconf 86' lang='lat' dir='ltr'><strong>recordare</strong></span> <span class='ocrx_word' id='word_1_181' title='bbox 960 1445 1027 1493; x_wconf 85' lang='lat' dir='ltr'><strong>qui</strong></span> <span class='ocrx_word' id='word_1_182' title='bbox 1051 1453 1134 1483; x_wconf 87' lang='lat' dir='ltr'><strong>tum</strong></span> <span class='ocrx_word' id='word_1_183' title='bbox 1160 1447 1302 1484; x_wconf 87' lang='lat' dir='ltr'><strong>fuerint</strong></span> <span class='ocrx_word' id='word_1_184' title='bbox 1321 1461 1415 1486; x_wconf 88' lang='lat' dir='ltr'><strong>eon-</strong></span> 
     </span>
     <span class='ocr_line' id='line_1_22' title="bbox 89 1503 1411 1555; baseline 0.009 -17"><span class='ocrx_word' id='word_1_185' title='bbox 89 1503 216 1539; x_wconf 88' lang='lat' dir='ltr'><strong>sulum</strong></span> <span class='ocrx_word' id='word_1_186' title='bbox 237 1503 395 1541; x_wconf 89' lang='lat' dir='ltr'><strong>nomine</strong></span> <span class='ocrx_word' id='word_1_187' title='bbox 416 1505 559 1551; x_wconf 87' lang='lat' dir='ltr'><strong>hostes,</strong></span> <span class='ocrx_word' id='word_1_188' title='bbox 581 1506 648 1555; x_wconf 87' lang='lat' dir='ltr'><strong>qui</strong></span> <span class='ocrx_word' id='word_1_189' title='bbox 677 1507 749 1545; x_wconf 88' lang='lat' dir='ltr'><strong>soli</strong></span> <span class='ocrx_word' id='word_1_190' title='bbox 772 1508 811 1544; x_wconf 89' lang='lat' dir='ltr'><strong>in</strong></span> <span class='ocrx_word' id='word_1_191' title='bbox 836 1508 908 1546; x_wconf 91' lang='lat' dir='ltr'><strong>hac</strong></span> <span class='ocrx_word' id='word_1_192' title='bbox 931 1510 1026 1548; x_wconf 91' lang='lat' dir='ltr'><strong>urbe</strong></span> <span class='ocrx_word' id='word_1_193' title='bbox 1056 1518 1235 1548; x_wconf 83' lang='lat' dir='ltr'><strong>senatum</strong></span> <span class='ocrx_word' id='word_1_194' title='bbox 1263 1513 1411 1550; x_wconf 82' lang='lat' dir='ltr'><strong>senatui</strong></span> 
     </span>
     <span class='ocr_line' id='line_1_23' title="bbox 87 1567 1415 1623; baseline 0.01 -21"><span class='ocrx_word' id='word_1_195' title='bbox 87 1578 220 1614; x_wconf 86' lang='lat' dir='ltr'><strong>parere</strong></span> <span class='ocrx_word' id='word_1_196' title='bbox 245 1579 327 1604; x_wconf 90' lang='lat' dir='ltr'><strong>non</strong></span> <span class='ocrx_word' id='word_1_197' title='bbox 353 1567 496 1615; x_wconf 85' lang='lat' dir='ltr'><strong>sierint,</strong></span> <span class='ocrx_word' id='word_1_198' title='bbox 517 1569 727 1620; x_wconf 84' lang='lat' dir='ltr'><strong>edictoque</strong></span> <span class='ocrx_word' id='word_1_199' title='bbox 747 1584 818 1609; x_wconf 90' lang='lat' dir='ltr'><strong>suo</strong></span> <span class='ocrx_word' id='word_1_200' title='bbox 845 1585 925 1610; x_wconf 89' lang='lat' dir='ltr'><strong>non</strong></span> <span class='ocrx_word' id='word_1_201' title='bbox 949 1573 1097 1612; x_wconf 85' lang='lat' dir='ltr'><strong>luctum</strong></span> <span class='ocrx_word' id='word_1_202' title='bbox 1123 1575 1297 1623; x_wconf 87' lang='lat' dir='ltr'><strong>patribus</strong></span> <span class='ocrx_word' id='word_1_203' title='bbox 1324 1589 1415 1615; x_wconf 88' lang='lat' dir='ltr'><strong>con-</strong></span> 
     </span>
     <span class='ocr_line' id='line_1_24' title="bbox 88 1630 1414 1680; baseline 0.009 -13"><span class='ocrx_word' id='word_1_204' title='bbox 88 1630 248 1680; x_wconf 82' lang='lat' dir='ltr'><strong>scriptis,</strong></span> <span class='ocrx_word' id='word_1_205' title='bbox 270 1632 341 1669; x_wconf 83' lang='lat' dir='ltr'><strong>sed</strong></span> <span class='ocrx_word' id='word_1_206' title='bbox 360 1631 507 1670; x_wconf 87' lang='lat' dir='ltr'><strong>indicia</strong></span> <span class='ocrx_word' id='word_1_207' title='bbox 525 1634 651 1672; x_wconf 89' lang='lat' dir='ltr'><strong>luctus</strong></span> <span class='ocrx_word' id='word_1_208' title='bbox 677 1635 906 1674; x_wconf 87' lang='lat' dir='ltr'><strong>ademerint.</strong></span> <span class='ocrx_word' id='word_1_209' title='bbox 964 1645 1003 1675; x_wconf 91' lang='lat' dir='ltr'><strong>at</strong></span> <span class='ocrx_word' id='word_1_210' title='bbox 1024 1646 1103 1676; x_wconf 87' lang='lat' dir='ltr'><strong>erat</strong></span> <span class='ocrx_word' id='word_1_211' title='bbox 1123 1652 1278 1677; x_wconf 88' lang='lat' dir='ltr'><strong>mecum</strong></span> <span class='ocrx_word' id='word_1_212' title='bbox 1298 1654 1414 1678; x_wconf 91' lang='lat' dir='ltr'><strong>cunc-</strong></span> 
     </span>
     <span class='ocr_line' id='line_1_25' title="bbox 87 1697 1412 1748; baseline 0.008 -16"><span class='ocrx_word' id='word_1_213' title='bbox 87 1703 148 1733; x_wconf 85' lang='lat' dir='ltr'><strong>tus</strong></span> <span class='ocrx_word' id='word_1_214' title='bbox 168 1703 346 1744; x_wconf 85' lang='lat' dir='ltr'><strong>equester</strong></span> <span class='ocrx_word' id='word_1_215' title='bbox 366 1697 481 1736; x_wconf 85' lang='lat' dir='ltr'><strong>ordo:</strong></span> <span class='ocrx_word' id='word_1_216' title='bbox 514 1710 632 1746; x_wconf 88' lang='lat' dir='ltr'><strong>quem</strong></span> <span class='ocrx_word' id='word_1_217' title='bbox 652 1698 812 1748; x_wconf 88' lang='lat' dir='ltr'><strong>quidem</strong></span> <span class='ocrx_word' id='word_1_218' title='bbox 833 1700 872 1738; x_wconf 93' lang='lat' dir='ltr'><strong>in</strong></span> <span class='ocrx_word' id='word_1_219' title='bbox 892 1701 1142 1741; x_wconf 86' lang='lat' dir='ltr'><strong>contionibus</strong></span> <span class='ocrx_word' id='word_1_220' title='bbox 1170 1705 1330 1743; x_wconf 77' lang='lat' dir='ltr'><strong>saltator</strong></span> <span class='ocrx_word' id='word_1_221' title='bbox 1349 1706 1412 1745; x_wconf 88' lang='lat' dir='ltr'><strong>ille</strong></span> 
     </span>
     <span class='ocr_line' id='line_1_26' title="bbox 38 1758 1413 1812; baseline 0.011 -19"><span class='ocrx_word' id='word_1_222' title='bbox 38 1776 69 1799; x_wconf 82' lang='lat'><strong>25</strong></span> <span class='ocrx_word' id='word_1_223' title='bbox 88 1758 277 1798; x_wconf 86' lang='lat' dir='ltr'><strong>Catilinae</strong></span> <span class='ocrx_word' id='word_1_224' title='bbox 306 1761 443 1798; x_wconf 89' lang='lat' dir='ltr'><strong>consul</strong></span> <span class='ocrx_word' id='word_1_225' title='bbox 470 1762 763 1812; x_wconf 85' lang='lat' dir='ltr'><strong>proscriptionis</strong></span> <span class='ocrx_word' id='word_1_226' title='bbox 793 1765 1096 1805; x_wconf 87' lang='lat' dir='ltr'><strong>denunciatione</strong></span> <span class='ocrx_word' id='word_1_227' title='bbox 1125 1770 1302 1807; x_wconf 87' lang='lat' dir='ltr'><strong>terrebat.</strong></span> <span class='ocrx_word' id='word_1_228' title='bbox 1372 1779 1413 1809; x_wconf 86' lang='lat' dir='ltr'><strong>at</strong></span> 
     </span>
     <span class='ocr_line' id='line_1_27' title="bbox 86 1824 1412 1878; baseline 0.009 -17"><span class='ocrx_word' id='word_1_229' title='bbox 86 1831 168 1862; x_wconf 86' lang='lat' dir='ltr'><strong>tota</strong></span> <span class='ocrx_word' id='word_1_230' title='bbox 197 1824 310 1862; x_wconf 85' lang='lat' dir='ltr'><strong>Italia</strong></span> <span class='ocrx_word' id='word_1_231' title='bbox 338 1834 598 1865; x_wconf 84' lang='lat' dir='ltr'><strong>convenerat:</strong></span> <span class='ocrx_word' id='word_1_232' title='bbox 626 1827 690 1866; x_wconf 85' lang='lat' dir='ltr'><strong>cui</strong></span> <span class='ocrx_word' id='word_1_233' title='bbox 719 1827 879 1878; x_wconf 86' lang='lat' dir='ltr'><strong>quidem</strong></span> <span class='ocrx_word' id='word_1_234' title='bbox 908 1830 1000 1868; x_wconf 88' lang='lat' dir='ltr'><strong>belli</strong></span> <span class='ocrx_word' id='word_1_235' title='bbox 1028 1831 1204 1871; x_wconf 85' lang='lat' dir='ltr'><strong>intestini</strong></span> <span class='ocrx_word' id='word_1_236' title='bbox 1233 1841 1271 1872; x_wconf 91' lang='lat' dir='ltr'><strong>et</strong></span> <span class='ocrx_word' id='word_1_237' title='bbox 1299 1835 1412 1872; x_wconf 83' lang='lat' dir='ltr'><strong>vasti-</strong></span> 
     </span>
     <span class='ocr_line' id='line_1_28' title="bbox 86 1884 585 1929; baseline 0.008 -4"><span class='ocrx_word' id='word_1_238' title='bbox 86 1887 172 1925; x_wconf 89' lang='lat' dir='ltr'><strong>tatis</strong></span> <span class='ocrx_word' id='word_1_239' title='bbox 193 1896 320 1927; x_wconf 85' lang='lat' dir='ltr'><strong>metus</strong></span> <span class='ocrx_word' id='word_1_240' title='bbox 339 1884 585 1929; x_wconf 85' lang='lat' dir='ltr'><strong>inferebatur.</strong></span> 
     </span>
     <span class='ocr_line' id='line_1_29' title="bbox 164 1953 1408 2011; baseline 0.01 -22"><span class='ocrx_word' id='word_1_241' title='bbox 164 1953 344 1991; x_wconf 91' lang='lat' dir='ltr'>XXXVI</span> <span class='ocrx_word' id='word_1_242' title='bbox 402 1954 525 1993; x_wconf 90' lang='lat' dir='ltr'><strong>Hisce</strong></span> <span class='ocrx_word' id='word_1_243' title='bbox 551 1968 624 2005; x_wconf 85' lang='lat' dir='ltr'><strong>ego</strong></span> <span class='ocrx_word' id='word_1_244' title='bbox 650 1957 800 1996; x_wconf 83' lang='lat' dir='ltr'><strong>auxiliis</strong></span> <span class='ocrx_word' id='word_1_245' title='bbox 827 1959 1076 1998; x_wconf 85' lang='lat' dir='ltr'><strong>studentibus</strong></span> <span class='ocrx_word' id='word_1_246' title='bbox 1102 1969 1220 2011; x_wconf 85' lang='lat' dir='ltr'><strong>atque</strong></span> <span class='ocrx_word' id='word_1_247' title='bbox 1241 1962 1408 2002; x_wconf 85' lang='lat' dir='ltr'><strong>incitatis</strong></span> 
     </span>
     <span class='ocr_line' id='line_1_30' title="bbox 84 2017 1405 2074; baseline 0.008 -19"><span class='ocrx_word' id='word_1_248' title='bbox 84 2017 141 2055; x_wconf 89' lang='lat' dir='ltr'><strong>uti</strong></span> <span class='ocrx_word' id='word_1_249' title='bbox 160 2031 236 2065; x_wconf 89' lang='lat' dir='ltr'><strong>me,</strong></span> <span class='ocrx_word' id='word_1_250' title='bbox 258 2019 489 2065; x_wconf 87' lang='lat' dir='ltr'><strong>Laterensis,</strong></span> <span class='ocrx_word' id='word_1_251' title='bbox 506 2020 680 2068; x_wconf 90' lang='lat' dir='ltr'><strong>potuisse</strong></span> <span class='ocrx_word' id='word_1_252' title='bbox 700 2023 902 2070; x_wconf 83' lang='lat' dir='ltr'><strong>confiteor,</strong></span> <span class='ocrx_word' id='word_1_253' title='bbox 925 2025 995 2062; x_wconf 89' lang='lat' dir='ltr'><strong>sed</strong></span> <span class='ocrx_word' id='word_1_254' title='bbox 1016 2033 1097 2063; x_wconf 89' lang='lat' dir='ltr'><strong>erat</strong></span> <span class='ocrx_word' id='word_1_255' title='bbox 1116 2039 1197 2064; x_wconf 89' lang='lat' dir='ltr'><strong>non</strong></span> <span class='ocrx_word' id='word_1_256' title='bbox 1217 2027 1308 2074; x_wconf 86' lang='lat' dir='ltr'><strong>iure,</strong></span> <span class='ocrx_word' id='word_1_257' title='bbox 1328 2041 1405 2066; x_wconf 91' lang='lat' dir='ltr'><strong>non</strong></span> 
     </span>
     <span class='ocr_line' id='line_1_31' title="bbox 35 2081 1410 2140; baseline 0.009 -22"><span class='ocrx_word' id='word_1_258' title='bbox 35 2100 67 2124; x_wconf 88' lang='lat'><strong>30</strong></span> <span class='ocrx_word' id='word_1_259' title='bbox 84 2081 244 2131; x_wconf 84' lang='lat' dir='ltr'><strong>legibus,</strong></span> <span class='ocrx_word' id='word_1_260' title='bbox 265 2095 346 2120; x_wconf 88' lang='lat' dir='ltr'><strong>non</strong></span> <span class='ocrx_word' id='word_1_261' title='bbox 365 2082 624 2132; x_wconf 89' lang='lat' dir='ltr'><strong>disceptando</strong></span> <span class='ocrx_word' id='word_1_262' title='bbox 645 2085 939 2126; x_wconf 85' lang='lat' dir='ltr'><strong>decertandum.</strong></span> <span class='ocrx_word' id='word_1_263' title='bbox 983 2101 1073 2125; x_wconf 88' lang='lat' dir='ltr'><strong>nam</strong></span> <span class='ocrx_word' id='word_1_264' title='bbox 1093 2091 1280 2138; x_wconf 88' lang='lat' dir='ltr'><strong>profecto,</strong></span> <span class='ocrx_word' id='word_1_265' title='bbox 1302 2105 1410 2140; x_wconf 84' lang='lat' dir='ltr'><strong>prae—</strong></span> 
     </span>
     <span class='ocr_line' id='line_1_32' title="bbox 83 2146 1409 2205; baseline 0.01 -22"><span class='ocrx_word' id='word_1_266' title='bbox 83 2146 214 2184; x_wconf 89' lang='lat' dir='ltr'><strong>sertim</strong></span> <span class='ocrx_word' id='word_1_267' title='bbox 234 2154 310 2184; x_wconf 80' lang='lat' dir='ltr'><strong>tam</strong></span> <span class='ocrx_word' id='word_1_268' title='bbox 327 2148 432 2185; x_wconf 82' lang='lat' dir='ltr'><strong>bona</strong></span> <span class='ocrx_word' id='word_1_269' title='bbox 451 2147 491 2185; x_wconf 90' lang='lat' dir='ltr'><strong>in</strong></span> <span class='ocrx_word' id='word_1_270' title='bbox 511 2161 637 2194; x_wconf 83' lang='lat' dir='ltr'><strong>causa,</strong></span> <span class='ocrx_word' id='word_1_271' title='bbox 656 2163 883 2200; x_wconf 87' lang='lat' dir='ltr'><strong>numquam,</strong></span> <span class='ocrx_word' id='word_1_272' title='bbox 916 2165 994 2201; x_wconf 88' lang='lat' dir='ltr'><strong>quo</strong></span> <span class='ocrx_word' id='word_1_273' title='bbox 1021 2154 1138 2192; x_wconf 89' lang='lat' dir='ltr'><strong>ceteri</strong></span> <span class='ocrx_word' id='word_1_274' title='bbox 1157 2169 1274 2205; x_wconf 82' lang='lat' dir='ltr'><strong>saepe</strong></span> <span class='ocrx_word' id='word_1_275' title='bbox 1290 2157 1409 2195; x_wconf 81' lang='lat' dir='ltr'><strong>abun-</strong></span> 
     </span>
     <span class='ocr_line' id='line_1_33' title="bbox 82 2209 1404 2267; baseline 0.01 -21"><span class='ocrx_word' id='word_1_276' title='bbox 82 2209 233 2257; x_wconf 88' lang='lat' dir='ltr'><strong>darunt,</strong></span> <span class='ocrx_word' id='word_1_277' title='bbox 263 2210 304 2248; x_wconf 85' lang='lat' dir='ltr'><strong>id</strong></span> <span class='ocrx_word' id='word_1_278' title='bbox 334 2210 430 2249; x_wconf 88' lang='lat' dir='ltr'><strong>mihi</strong></span> <span class='ocrx_word' id='word_1_279' title='bbox 458 2211 531 2260; x_wconf 88' lang='lat' dir='ltr'><strong>ipsi</strong></span> <span class='ocrx_word' id='word_1_280' title='bbox 560 2212 745 2251; x_wconf 79' lang='lat' dir='ltr'><strong>auxilium</strong></span> <span class='ocrx_word' id='word_1_281' title='bbox 774 2228 907 2253; x_wconf 90' lang='lat' dir='ltr'><strong>meum</strong></span> <span class='ocrx_word' id='word_1_282' title='bbox 936 2217 1131 2257; x_wconf 85' lang='lat' dir='ltr'><strong>defuisset.</strong></span> <span class='ocrx_word' id='word_1_283' title='bbox 1178 2220 1294 2258; x_wconf 85' lang='lat' dir='ltr'><strong>armis</strong></span> <span class='ocrx_word' id='word_1_284' title='bbox 1322 2221 1404 2267; x_wconf 87' lang='lat' dir='ltr'><strong>fuit,</strong></span> 
     </span>
     <span class='ocr_line' id='line_1_34' title="bbox 82 2274 1406 2335; baseline 0.011 -24"><span class='ocrx_word' id='word_1_285' title='bbox 82 2274 209 2323; x_wconf 82' lang='lat' dir='ltr'><strong>armis,</strong></span> <span class='ocrx_word' id='word_1_286' title='bbox 240 2274 412 2325; x_wconf 87' lang='lat' dir='ltr'><strong>inquam,</strong></span> <span class='ocrx_word' id='word_1_287' title='bbox 442 2276 514 2315; x_wconf 89' lang='lat' dir='ltr'><strong>fuit</strong></span> <span class='ocrx_word' id='word_1_288' title='bbox 543 2277 823 2328; x_wconf 86' lang='lat' dir='ltr'><strong>dimicandum,</strong></span> <span class='ocrx_word' id='word_1_289' title='bbox 858 2281 1000 2330; x_wconf 86' lang='lat' dir='ltr'><strong>quibus</strong></span> <span class='ocrx_word' id='word_1_290' title='bbox 1029 2296 1052 2321; x_wconf 87' lang='lat' dir='ltr'><strong>a</strong></span> <span class='ocrx_word' id='word_1_291' title='bbox 1080 2283 1197 2323; x_wconf 86' lang='lat' dir='ltr'><strong>servis</strong></span> <span class='ocrx_word' id='word_1_292' title='bbox 1236 2292 1354 2335; x_wconf 83' lang='lat' dir='ltr'><strong>atque</strong></span> <span class='ocrx_word' id='word_1_293' title='bbox 1383 2300 1406 2325; x_wconf 87' lang='lat' dir='ltr'><strong>a</strong></span> 
     </span>
    </p>
   </div>
   <div class='ocr_carea' id='block_1_3' title="bbox 1179 2370 1287 2410">
    <p class='ocr_par' dir='ltr' id='par_1_3' title="bbox 1179 2370 1287 2410">
     <span class='ocr_line' id='line_1_35' title="bbox 1179 2370 1287 2410; baseline 0.009 -12"><span class='ocrx_word' id='word_1_294' title='bbox 1179 2370 1287 2410; x_wconf 83' lang='lat'><strong>3—2</strong></span> 
     </span>
    </p>
   </div>
  </div>
 </body>
</html>
