1593 2488
145 111 167 149 6
493 109 555 149 M.
591 110 772 150 TVLLI
806 109 1130 148 CICERONIS
1342 106 1397 162 [V
1420 121 1465 146 12

74 203 122 240 13
141 196 225 236 sine
253 195 422 247 ingenio,
453 196 533 235 vita
564 196 681 235 etiam
709 203 939 246 contempta
966 209 1012 234 ac
1040 195 1210 235 sordida.
1261 196 1470 235 ‘desidera-

141 267 230 298 runt
249 262 303 298 te'
324 259 452 309 inquit
474 260 594 299 ‘oculi
617 260 708 306 mei,
729 273 819 298 cum
845 268 887 298 tu
914 273 1018 298 esses
1049 260 1237 310 Cyrenis:
1269 273 1333 299 me
1364 260 1469 298 enim

142 335 261 372 quam
283 323 410 362 socios
431 330 496 361 tua
515 323 588 361 frui
607 323 749 361 virtute
770 323 976 370 malebam,
998 331 1048 370 et,
1071 337 1150 373 quo
1169 325 1255 373 plus
1275 324 1468 370 intererat,

143 400 191 426 eo
219 389 307 437 plus
336 389 470 426 aberat
499 401 522 426 a
550 401 625 434 me,
656 401 746 426 curn
778 396 816 426 te
854 401 936 426 non
973 388 1176 435 videbam3
1215 388 1360 427 deinde
1394 388 1470 426 siti-

143 458 274 490 entem
308 464 372 489 me
408 451 559 489 virtutis
596 458 687 490 tuae
716 450 920 489 deseruisti
949 464 996 489 ac
1025 451 1220 501 reliquisti.
1285 464 1468 501 coeperas

143 515 248 554 enirn
276 523 408 564 petere
436 515 678 554 tribunatum
706 516 832 565 plebis
860 516 1102 566 temporibus
1132 517 1198 562 eis,
1227 529 1327 566 quae
1355 516 1469 553 istam

143 579 408 629 eloquentiam
429 587 467 618 et
486 579 669 618 virtutem
694 580 960 630 requirebant:
989 594 1108 630 quarn
1129 581 1359 630 petitionem
1380 594 1469 618 cum

142 642 375 692 reliquisses,
398 643 428 681 si
448 644 525 681 hoc
544 644 737 691 indicasti,
756 652 865 683 tanta
884 644 924 682 in
944 652 1175 694 tempestate
1196 653 1234 683 te
1253 647 1469 695 gubernare

142 719 223 746 non
253 720 380 757 posse,
410 709 462 746 de
489 707 631 746 virtute
660 715 728 746 tua
747 709 921 747 dubitavi
930 723 941 757 3
970 708 1002 747 si
1031 710 1146 756 nolle,
1168 710 1218 748 de
1246 711 1469 757 voluntate3

144 771 216 819 sin,
238 773 352 821 quod'
371 772 492 821 magis
520 772 716 823 intellego,
738 773 979 822 temporibus
999 781 1037 811 te
1057 773 1142 811 aliis
1162 773 1374 820 reservasti,
1396 786 1469 823 ego

144 838 317 886 quoque'
342 836 493 886 inquiet
518 838 688 886 populus
718 838 925 874 Romanus
947 837 1013 875 ‘ad
1039 849 1086 874 ea
1112 844 1151 874 te
1171 845 1347 886 tempora
1365 850 1471 875 revo-

145 901 242 948 cavi,
263 901 315 939 ad
336 914 437 951 quae
456 908 497 939 tu
518 909 556 939 te
576 901 660 951 ipse
681 914 862 939 servaras.
920 909 1010 951 pete
1030 901 1144 951 igitur
1162 915 1252 940 eum
1271 901 1470 951 magistra-

145 973 241 1012 tum,
263 966 302 1004 in
324 979 403 1016 quo
432 965 528 1004 mihi
556 979 721 1015 magnae
750 965 905 1003 utilitati
933 979 1018 1004 esse
1047 965 1190 1015 possi53
1223 966 1368 1004 aediles
1388 965 1470 1015 qui-

146 1043 315 1080 cumque
344 1038 468 1078 erunt,
490 1031 620 1069 eidem
649 1029 746 1068 mihi
774 1038 863 1069 sunt
891 1030 974 1068 ludi
1002 1030 1143 1080 parati,
1172 1030 1316 1068 tribuni
1344 1030 1470 1080 plebis

143 1095 346 1144 permagni
374 1094 533 1134 interest
562 1094 628 1144 qui
657 1095 743 1132 sint.
802 1107 879 1144 qua
915 1107 956 1132 re
987 1101 1054 1132 aut
1088 1095 1209 1132 redde
1240 1093 1336 1132 mihi
1362 1095 1470 1144 quod
1508 1112 1520 1136 3

145 1160 383 1206 ostenderas,
401 1167 468 1197 aut
487 1159 529 1206 si,
548 1160 655 1208 quod
675 1172 763 1198 mea
782 1159 911 1197 minus
932 1158 1100 1206 interest,
1115 1159 1155 1197 id
1176 1167 1213 1197 te
1232 1158 1353 1209 magis
1373 1159 1471 1197 forte

146 1223 326 1270 delectat,
343 1224 507 1261 reddam
527 1223 597 1261 tibi
617 1223 731 1261 istam
751 1223 991 1261 aedilitatem
1007 1223 1122 1261 etiam
1139 1224 1389 1272 neglegenter
1407 1235 1472 1272 pe-

145 1288 261 1327 tenti:
291 1289 361 1327 sed
381 1288 645 1338 amplissimos
670 1289 840 1326 honores
866 1295 909 1326 ut
935 1301 1005 1338 pro
1032 1288 1220 1338 dignitate
1246 1295 1313 1326 tua
1338 1300 1472 1326 conse-

146 1366 275 1402 quare,
298 1353 503 1392 condiscas
530 1366 674 1392 censeo
699 1353 794 1391 mihi
819 1354 951 1403 paullo
977 1353 1200 1403 diligentius
1226 1352 1468 1403 supplicare.'

78 1423 128 1460 14
146 1418 206 1455 VI
246 1419 344 1455 haec
383 1418 518 1467 populi
559 1417 682 1456 oratio
720 1425 789 1465 est,
825 1431 913 1456 mea
949 1431 1052 1465 vero,
1094 1418 1325 1465 Laterensis,
1355 1418 1471 1456 haec:

147 1495 226 1532 qua
258 1495 300 1520 re
327 1482 452 1520 victus
481 1482 533 1520 sis
561 1495 642 1521 non
671 1483 814 1521 debere
843 1482 1014 1521 iudicem
1045 1496 1240 1532 quaerere,
1270 1484 1392 1522 modo
1420 1496 1472 1522 ne

145 1546 348 1596 largitione
381 1546 432 1584 sis
462 1547 597 1584 victus.
665 1559 756 1584 nam
795 1547 826 1585 si
857 1548 1209 1597 quotienscumque
1245 1547 1472 1597 praeteritus

147 1610 219 1649 erit
247 1610 290 1657 is,
321 1610 387 1659 qui
418 1623 498 1648 non
527 1611 706 1649 debuerit
734 1611 943 1660 praeteriri,
973 1612 1116 1649 totiens
1145 1612 1340 1661 oportebit
1369 1626 1470 1660 eum,

149 1674 215 1724 qui
235 1675 358 1712 factus
383 1674 466 1721 erit,
487 1675 754 1722 condemnari,
775 1675 871 1712 nihil
891 1682 949 1713 est
975 1675 1051 1713 iarn
1078 1677 1185 1725 quod
1211 1677 1358 1726 populo
1382 1690 1471 1726 sup-

148 1740 322 1791 plicetur,
338 1739 435 1777 nihil
452 1741 560 1789 quod
580 1739 751 1777 diribitio
772 1739 1052 1789 suffragiorum,
1073 1739 1168 1777 nihil
1184 1740 1290 1789 quod
1311 1738 1471 1791 [suppli-

149 1805 253 1843 catio
279 1802 603 1855 magistratuum‚]
633 1803 870 1841 renuntiatio
898 1811 1163 1853 exspectetur:
1197 1804 1310 1842 simul
1335 1812 1376 1842 ut
1404 1804 1472 1854 qui

149 1867 225 1906 sint
257 1866 419 1916 professi
451 1866 597 1913 videro,
630 1867 782 1904 dicam:
819 1866 884 1904 hie
916 1867 1060 1904 familia
1090 1868 1283 1906 consulari
1313 1876 1381 1916 est,
1408 1869 1472 1907 ille

149 1931 362 1982 praetoria:
391 1930 563 1980 reliquos
580 1930 696 1969 video
723 1943 807 1969 esse
828 1943 875 1968 ex
895 1930 1063 1979 equestri
1089 1931 1196 1969 loco:
1226 1939 1314 1969 sunt
1335 1944 1472 1971 omnes

150 1997 233 2035 sine
258 1996 422 2042 macula,
445 2002 535 2033 sunt
561 2008 685 2044 aeque
712 1994 807 2033 boni
826 1994 895 2033 viri
920 2003 1038 2044 atque
1067 1995 1216 2045 integri,
1238 1997 1308 2034 sed
1331 1997 1472 2036 servari

150 2073 310 2099 necesse
330 2060 394 2098 'est
422 2060 584 2109 gradus:
623 2059 958 2114 cedat-consulari
987 2059 1119 2109 generi
1143 2060 1390 2109 praetorium,
1421 2074 1471 2100 ne
1493 2075 1506 2082 “

83 2124 131 2161 15
152 2125 366 2163 contendat
397 2137 488 2161 cum
521 2123 714 2173 praetorio
745 2124 905 2162 nomine
938 2132 1116 2173 equester
1142 2126 1262 2163 locus.
1320 2126 1473 2164 sublata

153 2194 243 2225 sunt
274 2186 413 2233 studia,
443 2186 654 2225 exstinctae
687 2186 991 2235 suffragationes‚
1022 2188 1152 2225 nullae
1185 2188 1470 2237 contentiones,

152 2251 259 2289 nulla
285 2249 442 2288 libertas
469 2250 606 2299 populi
631 2249 670 2288 in
697 2249 931 2288 mandandis
959 2250 1257 2299 magistratibus,
1277 2252 1384 2289 nulla
1409 2264 1471 2290 ex-

1490 789 1521 806 10

1491 1439 1523 1455 20

1490 1757 1522 1781 ²5
