1593 2488
103 105 165 142 XI
188 101 255 156 28]
369 104 490 144 PRO
531 105 618 144 CN.
647 105 913 144 PLANCIO
954 105 1175 144 ORATIO
1385 119 1427 144 11

102 203 221 230 nemo
236 189 376 230 iniuria
394 190 532 238 doluit,
554 191 617 231 cui
639 205 722 231 non
746 191 861 230 huius
887 191 927 231 in
952 205 1017 231 me
1042 192 1308 231 misericordia
1326 200 1433 243 grata

100 255 226 295 fuerit.
284 256 429 295 etenim
457 256 488 295 si
513 266 605 296 ante
630 258 799 296 reditum
825 272 959 296 meum
981 259 1052 297 Cn.
1075 258 1236 296 Plancio
1257 271 1298 296 se
1316 260 1432 308 volgo
1452 260 1500 297 26

99 318 170 357 viri
199 320 305 367 boni,
326 333 417 358 cum
446 321 512 360 hic
540 321 780 360 tribunatum
808 329 969 371 peteret,
989 323 1090 360 ultro
1120 322 1344 368 offerebant,
1369 322 1433 360 cui

100 397 246 423 nornen
276 398 409 424 meum
448 386 620 425 absentis
653 386 793 425 honori
829 386 977 433 fuisset,
1011 385 1048 424 ei
1081 399 1189 424 meas
1219 386 1432 435 praesentis

67 470 82 494 5
100 462 234 499 preces
253 463 334 488 non
362 458 476 500 putas
502 450 721 501 profuisse?
775 464 826 490 an
848 451 1140 490 Minturnenses
1161 451 1302 498 coloni,
1324 453 1431 501 quod

101 515 146 554 C.
162 514 332 552 Marium
352 528 374 553 e
394 515 497 553 civili
517 517 616 554 ferro
636 524 755 566 atque
776 530 822 554 ex
843 515 972 566 impiis
992 516 1174 554 manibus
1194 515 1429 565 eripuerunt,

99 579 208 628 quod
237 586 341 618 tecto
370 588 610 630 receperunt,
633 582 740 630 quod
769 581 912 619 fessum
939 579 1072 618 inedia
1097 579 1358 629 fluctibusque
1377 593 1432 618 re-

98 650 287 689 crearunt,
310 644 418 693 quod
440 643 624 682 viaticum
653 652 944 693 congesserunt,
967 644 1075 693 quod
1096 643 1293 693 navigium
1314 644 1431 682 dede-

98 716 199 755 runt,
214 709 321 758 quod
341 722 433 747 eum
453 709 695 759 linquentem
716 718 857 748 terram
878 723 976 756 eam,
995 723 1112 759 quam
1134 717 1311 755 servarat,
1329 708 1430 747 votis

50 790 82 808 ιο
99 772 281 811 omnibus
311 773 557 823 lacrimisque
587 774 785 824 prosecuti
815 781 915 822 sunt,
947 781 1105 812 aeterna
1132 773 1172 810 in
1201 773 1318 811 laude
1346 786 1428 811 ver-

98 844 246 877 santur:
278 838 450 885 Plancio,
469 839 575 888 quod
591 852 654 877 me
668 840 730 877 vel
742 838 779 877 vi
799 840 955 888 pulsum
970 839 1033 876 vel
1052 838 1201 876 ratione
1221 838 1428 876 cedentem

97 901 287 951 receperit
316 902 454 940 iuverit
487 902 725 949 custodierit,
758 901 817 940 his
847 910 885 941 et
913 901 1065 940 senatui
1094 902 1320 951 populoque
1349 902 1429 939 Ro-

97 977 228 1013 mano,
242 973 283 1004 ut
303 966 490 1004 haberent
511 979 628 1016 quem
647 967 888 1011 reducerent,
904 965 1150 1013 conservarit,
1167 965 1307 1003 honori
1326 966 1428 1002 hanc

97 1029 216 1068 fidem
238 1029 543 1068 misericordiam
562 1030 744 1068 virtutem
764 1029 882 1068 fuisse
901 1029 1048 1067 miraris
1061 1032 1079 1068 ?

50 1114 80 1138 15
180 1095 241 1131 XI
288 1093 395 1131 Vitia
427 1106 491 1132 me
521 1094 677 1131 hercule
708 1094 781 1133 Cn.
815 1093 965 1131 Plancii
999 1106 1059 1131 res
1091 1106 1172 1139 eae,
1204 1093 1255 1132 de
1284 1092 1425 1143 quibus
1445 1096 1494 1133 27

98 1157 187 1205 dixi,
209 1165 338 1208 tegere
366 1166 588 1208 potuerunt,
610 1172 660 1197 ne
688 1166 731 1197 tu
756 1158 797 1197 in
820 1172 866 1197 ea
885 1159 975 1205 vita,
998 1159 1048 1197 de
1076 1172 1155 1208 qua
1177 1158 1255 1196 iam
1284 1158 1424 1205 dicam,

97 1229 156 1261 tot
176 1230 215 1260 et
243 1230 352 1260 tanta
377 1222 607 1260 adiumenta
630 1222 722 1260 huic
751 1222 890 1261 honori
916 1222 1032 1261 fuisse
1061 1223 1210 1261 mirere.
1281 1222 1345 1260 hic
1368 1230 1427 1261 est

97 1287 214 1334 enim,
230 1287 296 1336 qui
315 1288 631 1326 adulescentulus
651 1301 742 1326 cum
762 1290 809 1326 A.
830 1290 1036 1337 Torquato
1057 1289 1254 1338 profectus
1273 1286 1314 1325 in
1329 1287 1427 1325 Afri-

96 1363 185 1389 cam
210 1350 266 1389 sic
289 1352 340 1389 ab
363 1350 430 1389 illo
458 1351 685 1401 gravissimo
706 1359 744 1390 et
763 1351 1008 1390 sanctissimo
1034 1360 1152 1401 atque
1172 1351 1280 1391 omni
1309 1352 1425 1390 laude

44 1439 77 1456 20
97 1422 135 1453 et
164 1414 314 1453 honore
347 1414 576 1463 dignissimo
606 1415 689 1453 viro
721 1414 887 1454 dilectus
925 1423 995 1462 est,
1029 1423 1072 1454 ut
1103 1423 1142 1454 et
1178 1415 1426 1454 contubernii

95 1479 345 1519 necessitudo
374 1488 413 1518 et
442 1480 705 1519 adulescentis
733 1480 1012 1519 modestissimi
1040 1482 1167 1531 pudor
1189 1482 1423 1531 postulabat.

95 1545 214 1594 quod,
237 1542 269 1581 si
296 1544 461 1592 adesset,
495 1556 575 1582 non
604 1544 731 1582 minus
760 1544 824 1582 ille
854 1545 1068 1582 declararet
1097 1557 1215 1594 quam
1238 1544 1302 1582 hic
1324 1544 1426 1583 illius

93 1611 210 1648 frater
236 1606 419 1659 patruelis
448 1616 488 1648 et
515 1622 637 1656 socer,
664 1611 710 1647 T.
733 1611 969 1658 Torquatus,
999 1609 1108 1648 omni
1136 1609 1191 1648 illi
1217 1610 1357 1648 virtute
1386 1618 1426 1649 et

94 1676 211 1714 laude
230 1689 310 1725 par,
332 1674 399 1724 qui
418 1682 477 1713 est
497 1675 657 1724 quidem
683 1688 773 1712 cum
799 1675 866 1712 illo
889 1674 1066 1713 maximis
1085 1674 1250 1713 vinculis
1276 1682 1314 1712 et
1340 1687 1426 1724 pro-

43 1765 76 1789 25
94 1738 323 1789 pinquitatis
343 1746 381 1776 et
400 1738 608 1777 adfinitatis
624 1738 866 1785 coniunctus,
885 1740 954 1777 sed
974 1739 1027 1776 ita
1045 1740 1195 1789 magnis
1211 1738 1365 1786 amoris,
1381 1745 1425 1776 ut

93 1803 183 1842 illae
202 1802 500 1842 necessitudinis
519 1815 659 1841 causae
679 1803 783 1841 leves
803 1815 887 1841 esse
906 1801 1122 1841 videantur.
1161 1801 1234 1840 fuit
1252 1803 1293 1840 in
1307 1804 1426 1841 Creta

93 1876 234 1918 postea
265 1867 554 1906 contubernalis
585 1866 792 1914 Saturnini,
826 1866 1038 1916 propinqui
1067 1866 1136 1913 sui,
1167 1867 1278 1906 miles
1310 1866 1424 1904 huius

95 1933 143 1981 Q.
167 1931 331 1977 Metelli,
362 1930 425 1969 cui
453 1944 544 1969 cum
572 1930 685 1969 fuerit
713 1930 1007 1980 probatissimus
1036 1930 1234 1980 hodieque
1263 1929 1323 1977 sit,
1344 1942 1425 1968 om-

93 1997 209 2036 nibus
240 2009 324 2034 esse
355 2008 396 2034 se
433 1996 644 2045 probatum
682 1995 800 2033 debet
833 2007 996 2044 sperare.
1068 1994 1109 2032 in
1140 2008 1186 2033 ea
1222 1993 1423 2044 provincia

44 2083 78 2108 30
95 2063 244 2112 legatus
272 2060 344 2099 fuit
373 2062 416 2100 C.
449 2061 664 2099 Sacerdos:
701 2073 780 2110 qua
806 2060 960 2106 virtute,
991 2072 1069 2109 qua
1097 2058 1316 2098 constantia
1342 2058 1422 2097 vir!

95 2129 139 2166 L.
162 2129 345 2165 Flaccus:
374 2125 440 2176 qui
468 2127 607 2164 homo!
636 2124 704 2175 qui
732 2124 845 2164 civis!
875 2126 1030 2174 qualem
1053 2125 1158 2162 hune
1185 2131 1334 2174 putent,
1356 2124 1422 2162 ad-

95 2191 276 2230 siduitate
304 2189 608 2239 testimonioque
640 2190 850 2228 declarant.
907 2188 948 2226 in
978 2189 1218 2227 Macedonia
1244 2189 1420 2227 tribunus
1439 2194 1490 2232 28

94 2255 262 2294 militum
290 2254 364 2293 fuit
376 2268 388 2303 3
415 2253 456 2292 in
476 2255 615 2293 eadem
635 2253 837 2303 provincia
855 2260 994 2303 postea
1015 2259 1210 2303 quaestor.
1251 2250 1420 2301 primurn
