1593 2488
142 67 167 102 8
391 89 394 93 ·
489 68 550 106 M.
586 68 768 106 TVLLI
800 69 1126 108 CICERONIS
1296 68 1397 122 [VII
1420 75 1466 119 17

142 162 204 187 ses
223 160 352 200 neque
371 149 462 189 huic
480 153 526 189 A.
550 150 692 199 Plotio,
712 151 960 191 ornatissimo
986 151 1146 198 homini,
1168 152 1344 191 familiari
1362 167 1464 200 meo,

142 222 181 254 et
208 216 259 254 ab
289 228 348 263 e0,
381 215 450 266 qui
478 217 552 255 hos
581 215 757 265 dimovit,
780 217 909 267 potius
939 230 1058 266 quam
1087 217 1136 255 ab
1167 217 1233 264 eis,
1264 217 1333 267 qui
1361 217 1402 256 in
1429 225 1470 257 te

73 284 122 321 18
142 279 270 329 ipsum
306 280 579 329 incubuerunt,
609 289 649 320 te
682 282 889 331 depulsum
917 288 1041 331 putas.
1110 282 1181 320 sed
1208 289 1341 320 tamen
1368 283 1466 322 haee

141 343 212 383 tibi
241 352 300 383 est
327 345 451 394 prima
479 359 570 383 cum
592 345 753 384 Plancio
781 344 932 395 generis
958 344 1074 383 vestri
1101 345 1348 395 familiaeque
1376 359 1466 385 con·

141 408 276 454 tentio,
303 422 383 458 qua
409 411 480 448 abs
504 417 542 447 te
570 408 746 447 vincitur.
804 422 873 446 cur
901 408 1006 447 enim
1034 422 1115 447 non
1143 411 1332 448 confitear
1359 411 1464 460 quod

138 486 301 520 necesse
332 475 420 512 est?
485 474 554 511 sed
583 487 664 511 non
694 473 759 510 hic
786 472 909 522 magis
939 486 1056 522 quam
1087 487 1159 523 ego
1188 487 1212 511 a
1240 474 1337 513 meis
1365 488 1466 513 com—

141 536 370 586 petitoribus
397 545 435 576 et
455 538 550 576 alias
570 546 609 576 et
628 538 668 576 in
688 539 914 577 consulatus
937 538 1125 587 petitione
1144 538 1338 578 vincebat.
1393 541 1464 579 sed

139 599 231 638 vide
257 613 307 638 ne
336 601 434 639 haec
462 602 558 651 ipsa,
587 615 687 651 quae
716 601 898 650 despicis,
919 601 1010 639 huic
1039 602 1246 651 suffragata
1268 602 1348 640 sint.
1409 603 1464 641 sic

142 664 245 703 enim
279 666 549 705 conferamus:
591 674 650 704 est
682 674 794 703 tuum
828 678 974 703 nomen
1004 673 1167 715 utraque
1196 667 1338 704 familia
1373 680 1464 706 con—

142 729 286 767 sulare:
309 741 405 777 num
426 729 581 767 dubitas
601 730 715 779 igitur
735 729 830 778 quin
850 743 999 777 omnes,
1021 730 1088 779 qui
1108 731 1240 768 favent
1260 730 1460 778 nobilitati,
1482 756 1515 774 20

141 790 209 840 qui
229 790 269 829 id
288 799 428 841 putant
453 805 539 830 esse
567 793 881 842 pulcherrimum,
903 793 971 842 qui
994 792 1240 843 imaginibus,
1261 793 1322 842 qui
1341 795 1464 832 nomi-

137 855 256 894 nibus
276 855 412 893 vestris
441 856 650 903 ducuntur,
672 864 711 894 te
736 856 904 894 aedilem
930 857 1119 895 fecerint?
1177 858 1354 907 equidem
1381 872 1463 898 non

136 919 291 960 dubito.
349 921 419 958 sed
453 920 485 958 si
518 934 656 970 parum
687 921 800 959 multi
831 929 922 960 sunt
950 922 1017 971 qui
1045 922 1289 961 nobilitatem
1317 931 1460 972 ament,

141 999 235 1024 num
255 985 329 1024 ista
348 994 406 1025 est
426 994 558 1025 nostra
582 988 727 1036 culpa?
783 988 929 1025 etenim
955 988 1006 1026 ad
1035 996 1152 1037 caput
1178 995 1217 1026 et
1241 989 1288 1027 ad
1311 990 1461 1028 fontem

73 1054 120 1090 19
139 1050 292 1100 generis
319 1050 521 1100 utriusque
547 1051 762 1089 veniamus.
831 1053 937 1089 VIII
968 1058 1010 1089 tu
1042 1065 1082 1090 es
1112 1066 1134 1091 e
1162 1052 1370 1102 municipio
1398 1066 1463 1091 an·
1482 1075 1511 1099 15

138 1115 361 1165 tiquissimo
389 1116 627 1162 Tusculano,
658 1128 706 1153 ex
733 1128 814 1164 quo
847 1122 939 1153 sunt
966 1116 1155 1165 plurimae
1183 1116 1343 1155 familiae
1373 1130 1463 1155 con—

140 1181 296 1228 sulares,
326 1180 367 1218 in
397 1181 539 1230 quibus
570 1189 628 1220 est
656 1181 775 1219 etiam
805 1180 1099 1219 Iuventia—tot
1127 1177 1175 1218 ex
1203 1181 1352 1230 reliquis
1380 1194 1462 1219 mu-

140 1244 295 1295 nicipiis
321 1246 505 1284 omnibus
532 1259 613 1284 non
642 1254 804 1294 sunt—3
833 1245 898 1283 hic
926 1253 984 1283 est
1003 1258 1025 1283 e
1045 1246 1282 1295 praefectura
1298 1244 1458 1296 Atinati,

141 1324 223 1349 non
253 1317 333 1348 tam
364 1310 500 1360 prisca,
536 1324 616 1349 non
647 1319 727 1350 tam
760 1311 962 1359 honorata,
997 1324 1078 1349 non
1115 1318 1196 1349 tam
1234 1311 1458 1353 suburbana.

141 1382 331 1425 quantum
377 1375 564 1414 interesse
601 1375 659 1414 vis
705 1377 756 1414 ad
801 1374 993 1413 rationem
1038 1375 1229 1425 petendi?
1292 1376 1459 1425 primum
1477 1400 1511 1418 20

141 1447 271 1478 utrum
304 1440 427 1489 magis
465 1441 593 1478 favere
630 1448 744 1490 putas
781 1439 951 1478 Atinatis
988 1453 1040 1477 an
1076 1441 1314 1479 Tusculanos
1352 1441 1461 1482 suis?

141 1504 405 1543 alteri—scire
426 1505 530 1542 enirn
559 1505 636 1542 hoc
661 1511 820 1554 propter
838 1503 1078 1542 vicinitatem
1108 1504 1220 1543 facile
1239 1518 1457 1554 possum—3

141 1583 231 1608 cum
262 1569 375 1607 huius
413 1569 647 1608 ornatissimi
689 1577 808 1618 atque
853 1569 992 1619 optimi
1024 1568 1106 1615 viri,
1147 1570 1218 1609 Cn.
1259 1571 1457 1619 Stturnini,

141 1643 292 1684 patrem
330 1635 510 1682 aedilem,
550 1647 641 1672 cum
686 1642 906 1683 praetorem
942 1634 1134 1682 viderunt,
1174 1636 1283 1684 quod
1312 1636 1458 1685 primus

141 1699 205 1738 ille
243 1713 324 1738 non
362 1700 485 1737 modo
522 1699 562 1737 in
599 1712 687 1737 eam
726 1698 924 1744 familiam,
960 1699 1030 1736 sed
1068 1698 1184 1736 etiam
1222 1699 1262 1737 in
1295 1702 1507 1750 praefec-25

141 1772 265 1802 turam
285 1764 388 1801 illam
411 1764 547 1803 sellam
574 1764 749 1801 curulem
777 1762 979 1809 attulisset,
1000 1763 1222 1801 mirandum
1242 1763 1281 1801 in
1295 1766 1457 1803 modum

140 1828 273 1867 laetati
302 1836 416 1867 sunt:
444 1829 770 1873 alteros—credo,
792 1828 884 1877 quia
911 1829 1092 1867 refertum
1122 1836 1180 1866 est
1208 1829 1456 1880 municipium

140 1893 435 1940 consularibus3
473 1906 564 1930 nam
598 1894 811 1930 malevolos
844 1905 926 1930 non
955 1906 1039 1931 esse
1077 1900 1184 1930 certo
1221 1892 1458 1931 scio—num—

140 1969 260 2005 quam
306 1955 478 1994 intellexi
513 1956 784 1995 vehementius
822 1969 978 1994 suorum
1026 1956 1269 2005 municipum
1315 1958 1458 1997 'nonore

72 2027 122 2064 20
140 2021 284 2060 laetari.
359 2022 551 2060 habemus
597 2022 674 2059 hoc
719 2034 815 2060 nos:
861 2022 1008 2060 habent
1062 2029 1194 2059 nostra
1240 2021 1454 2072 muricipia.
1476 2042 1508 2066 30

140 2085 236 2134 quid
275 2097 348 2134 ego
381 2085 432 2123 de
464 2097 540 2132 me,
572 2085 622 2122 de
653 2085 767 2123 fratre
804 2097 894 2123 meo
931 2086 1098 2133 loquar?
1137 2097 1303 2134 quorum
1331 2086 1456 2124 hono·

140 2150 246 2189 ribus
282 2148 364 2198 agri
401 2148 475 2198 ipsi
511 2161 635 2199 prope
672 2148 802 2187 dicam
839 2156 1074 2197 montesque
1112 2149 1299 2186 faverunt.
1362 2162 1458 2188 num

141 2214 301 2264 quando
330 2213 441 2253 vides
469 2215 737 2252 Tusculanum
766 2212 938 2263 aliquem
976 2213 1027 2252 de
1061 2214 1118 2251 M.
1147 2214 1301 2252 Catone
1328 2212 1388 2256 ilo
1416 2213 1456 2252 in

1503 438 1517 460 ἰΙΙ
