1593 2488
97 101 145 135 24
431 90 491 127 M.
528 91 707 128 TVLLI
741 90 1063 130 CICERONIS
1187 89 1344 143 [XXIV
1364 92 1414 141 58

94 183 249 214 mortuo
271 177 422 225 Congo,
443 189 535 223 non,
558 184 599 214 ut
620 175 770 226 opinor,
791 176 990 223 admirere,
1015 190 1105 214 cum
1133 189 1205 226 ego
1232 176 1314 226 ipse
1334 189 1415 214 non

94 241 306 278 abhorrens
340 254 363 278 a
396 240 524 278 studio
562 240 802 289 antiquitatis
835 254 899 279 me
932 240 995 278 hic
1027 240 1068 279 id
1100 254 1146 278 ex
1175 249 1213 279 te
1246 240 1416 290 primum

95 304 249 342 audisse
278 306 473 343 confitear.
537 313 575 343 et
603 305 789 353 quoniam
819 313 885 343 tua
913 305 984 343 fuit
1012 306 1238 355 perelegans
1268 312 1307 342 et
1334 317 1418 354 per-

95 368 246 406 subtilis
267 369 403 413 oratio,
427 369 544 418 (ligna
571 369 710 418 equitis
732 369 905 407 Romani
925 371 986 408 vel
1015 370 1146 408 studio
1166 370 1228 407 vel
1253 369 1415 418 pudore,

97 432 362 481 quoniamque
393 433 447 470 sic
473 434 522 470 ab
552 433 610 470 his
638 446 677 471 es
703 433 869 479 auditus,
892 441 932 471 ut
959 447 1122 483 magnus
1149 435 1276 471 honos
1300 440 1338 470 et
1363 431 1419 469 in·
1454 442 1469 472 ε’

96 497 212 546 genio
233 505 271 535 et
290 497 520 535 humanitati
541 505 630 535 tuae
650 498 889 544 tribueretur,
904 499 1153 547 respondebo
1174 499 1224 535 ad
1244 511 1300 544 ea,
1318 510 1418 546 quae

98 562 237 609 dixisti,
260 576 360 612 quae
393 564 575 611 pleraque
610 564 659 600 de
689 563 774 612 ipso
805 576 868 601 me
901 565 1077 601 suerunt:
1107 563 1146 600 in
1175 563 1315 613 quibus
1344 562 1419 612 ipsi

98 627 232 673 aculei,
254 628 285 665 si
314 641 411 676 quos
441 627 609 665 habuisti
637 627 677 664 in
706 640 769 665 me
798 629 1134 676 reprehendendo,
1165 636 1296 665 tamen
1323 626 1420 664 mihi

32 694 80 731 59
99 706 179 730 non
194 692 331 741 ingrati
347 692 581 729 acciderunt.
627 692 807 740 quaesisti
825 700 951 730 utrum
968 692 1061 729 mihi
1078 701 1264 741 putarem,
1281 691 1419 741 equitis

101 756 270 795 Romani
290 757 381 802 filio,
399 756 609 794 faciliorem
629 757 747 794 fuisse
766 757 817 794 acl
837 757 1113 806 adipiscendos
1133 758 1301 795 honores
1316 745 1468 794 viam'm

99 835 149 860 an
169 823 333 859 futuram
356 834 440 859 esse
456 820 534 858 filio
555 834 655 865 meo,
674 821 763 869 quia
783 830 884 858 esset
905 835 926 859 e
946 821 1092 858 familia
1111 820 1322 859 consulari:
1346 833 1420 870 ego

96 900 189 925 vero
211 900 448 936 quamquam
470 886 523 923 illi
544 885 675 923 omnia
694 888 797 924 malo
819 899 935 935 quam
956 886 1062 933 mihi,
1079 894 1212 924 tamen
1227 888 1421 924 honorum

98 951 226 990 aditus
256 964 469 999 numquam
501 950 554 987 illi
585 951 774 989 faciliores
805 951 937 1000 optavi
968 965 1086 1001 quam
1123 951 1218 988 mihi
1255 952 1419 989 fuerunt.

100 1018 193 1066 quin
222 1016 350 1063 etiam,
373 1029 423 1053 ne
451 1017 549 1054 forte
578 1016 642 1053 ille
672 1015 745 1054 sibi
773 1029 836 1054 me
866 1017 995 1065 potius
1025 1015 1221 1066 peperisse
1250 1015 1328 1053 iam
1356 1015 1424 1053 ho-

101 1095 214 1120 nores
245 1095 361 1131 quam
391 1081 461 1119 iter
487 1082 773 1119 demonstrasse
803 1081 1145 1130 adipiscendorum
1174 1088 1294 1130 putet,
1325 1081 1422 1119 haee
1441 1094 1471 1117 15

100 1147 155 1185 illi
175 1149 283 1185 soleo
303 1147 573 1196 praecipere—
583 1160 820 1196 quamquam
842 1148 892 1185 ad
912 1155 1120 1196 praecepta
1140 1154 1244 1184 aetas
1265 1159 1346 1184 non
1365 1154 1423 1185 est

101 1212 320 1262 grandis—‚
344 1225 443 1260 quae
464 1225 530 1249 rex
550 1211 613 1249 ille
633 1225 656 1249 a
677 1213 772 1249 Iove
794 1220 898 1249 ortus
920 1212 998 1250 suis
1020 1211 1217 1262 praecepit
1238 1211 1347 1250 filiis:

207 1277 446 1327 vigilandum
476 1286 533 1315 est
563 1290 738 1326 semper:
771 1279 918 1316 multae
947 1278 1111 1316 insidiae
1141 1279 1230 1316 sunt
1257 1277 1379 1316 bonis.

103 1342 224 1382 nostis
244 1351 381 1380 cetera.
440 1344 602 1380 nonne?

208 1407 248 1445 1'd
277 1407 384 1456 quod
413 1406 525 1444 multi
553 1406 764 1453 invideant,
1442 1423 1474 1440 20

104 1485 205 1522 quae
225 1471 376 1520 scripsit
401 1471 525 1520 gravis
545 1479 583 1509 et
603 1470 824 1521 ingeniosus
852 1478 980 1521 poeta,
1003 1471 1154 1521 scripsit
1176 1485 1257 1510 non
1276 1479 1319 1510 ut
1337 1471 1424 1510 illos

103 1537 227 1587 regios
247 1549 398 1585 pueros,
420 1535 485 1585 qui
505 1535 580 1573 iam
602 1549 794 1584 nusquam
823 1544 942 1581 erant,
965 1537 1034 1574 sed
1060 1544 1102 1574 ut
1122 1550 1193 1574 nos
1214 1544 1251 1574 et
1272 1545 1424 1574 nostros

39 1601 87 1638 60
105 1602 246 1639 liberos
278 1600 327 1637 ad
361 1601 534 1637 laborem
569 1607 606 1637 et
637 1600 686 1637 ad
716 1600 871 1637 laudem
902 1600 1093 1638 excitaret.
1152 1600 1302 1649 quaeris
1332 1599 1425 1649 quid

105 1664 274 1714 potuerit
302 1663 467 1712 amplius
496 1663 660 1710 adsequi
687 1663 880 1709 Plancius,
912 1663 942 1701 si
971 1665 1043 1702 Cn.
1075 1662 1265 1713 Scipionis
1293 1663 1425 1701 fuisset

106 1727 216 1765 silius.
274 1727 395 1775 magis
415 1725 550 1763 aedilis
572 1726 652 1764 fieri
677 1739 757 1764 non
784 1725 986 1774 potuisset,
1008 1727 1077 1764 sed
1103 1727 1178 1764 hoc
1202 1734 1424 1775 praestaret,
1444 1738 1474 1762 25

107 1791 213 1840 quod
239 1790 275 1828 ei
295 1789 422 1826 minus
442 1789 700 1827 invideretur:
731 1789 875 1827 etenim
891 1791 1084 1827 honorum
1105 1790 1244 1838 gradus
1265 1787 1426 1827 summis

106 1855 330 1893 hominibus
369 1862 407 1892 et
436 1853 575 1890 infimis
610 1859 699 1890 sunt
729 1865 851 1901 pares,
881 1853 1026 1902 gloriae
1055 1854 1236 1902 dispares.
1312 1854 1429 1889 XXV

108 1918 195 1965 quis
229 1925 402 1955 nostrum
434 1930 475 1954 se
514 1916 607 1954 dicit
646 1917 711 1954 M'.
749 1916 881 1962 Curio,
916 1916 1002 1965 quis
1040 1917 1083 1954 C.
1122 1914 1310 1961 Fabricio,
1342 1914 1428 1964 quis

107 1983 152 2020 C.
190 1980 322 2018 Duilio
355 1980 519 2028 parem?
557 1978 643 2027 quis
677 1981 722 2016 A.
756 1978 875 2016 Atilio
916 1977 1125 2016 Calatino?
1168 1977 1253 2026 quis
1288 1978 1359 2016 Cn.
1390 1985 1429 2015 et

109 2047 149 2083 P.
183 2044 458 2093 Scipionibus?
491 2043 576 2092 quis
601 2042 796 2087 Africano,
828 2043 1028 2090 Marcello,
1064 2042 1268 2080 Maximo?
1296 2049 1428 2080 tamen
1447 2055 1480 2079 30

109 2109 270 2146 eosdem
299 2120 432 2145 sumus
458 2108 651 2145 honorum
680 2107 820 2155 gradus
847 2118 945 2154 quos
967 2105 1019 2142 illi
1039 2105 1225 2143 adsecuti.
1283 2105 1429 2143 etenim

109 2173 149 2211 in
168 2172 306 2210 virtute
335 2171 446 2209 multi
472 2179 560 2209 sunt
586 2183 782 2216 ascensus,
804 2177 845 2208 ut
865 2170 894 2207 is
916 2169 1082 2207 maxime
1108 2169 1229 2218 gloria
1254 2170 1430 2217 excellat,

111 2237 177 2287 qui
207 2236 344 2275 virtute
378 2234 587 2285 plurimum
621 2241 814 2284 praestet:
856 2234 1048 2272 honorum
1083 2232 1218 2283 populi
1255 2232 1341 2271 finis
1371 2241 1430 2272 est
