1593 2488
329 445 400 495 M.
453 447 675 495 TVLLI
739 448 1141 497 CICERONIS

690 564 783 596 PRO

426 653 569 715 CN.
625 655 1042 717 PLANCIO

601 773 871 814 ORATIO

150 990 170 1028 I
228 991 329 1029 Cum
359 997 517 1040 propter
551 989 744 1040 egregiam
777 997 816 1028 et
849 990 1084 1039 singularem
1124 992 1196 1030 Cn.
1235 989 1395 1036 Plancii‚
1418 995 1438 1030 1

68 1052 229 1101 iudices,
269 1054 309 1092 in
339 1067 428 1093 mea
460 1055 584 1093 salute
613 1054 874 1093 custodienda
906 1056 1027 1094 fidem
1064 1063 1145 1094 tam
1178 1057 1321 1095 multos
1359 1064 1397 1095 et

68 1120 196 1158 bonos
235 1119 336 1158 viros
368 1119 449 1158 eius
482 1119 623 1158 honori
651 1119 825 1157 viderem
859 1133 944 1158 esse
976 1121 1158 1167 fautores,
1192 1121 1396 1171 capiebam

69 1183 202 1221 animo
233 1196 314 1221 non
351 1183 591 1221 mediocrem
628 1184 882 1232 voluptatem,
923 1184 1043 1233 quod,
1083 1183 1194 1222 cuius
1225 1184 1395 1223 officium

38 1265 51 1288 5
70 1246 164 1284 mihi
194 1247 307 1285 saluti
338 1247 482 1294 fuisset,
515 1246 552 1286 ei
584 1260 763 1285 meorum
796 1254 1017 1296 temporum
1055 1248 1285 1286 memoriam
1322 1249 1398 1287 suf-

67 1310 205 1360 fragari
233 1311 417 1349 videbam
434 1325 443 1349 t
471 1324 560 1349 cum
580 1319 712 1349 autem
733 1311 907 1349 audirem
929 1325 1038 1350 meos
1058 1312 1198 1362 partim
1217 1311 1396 1352 inimicos

66 1375 207 1425 partim
238 1375 394 1413 invidos
426 1375 518 1413 huic
548 1375 790 1414 accusationi
823 1389 908 1414 esse
940 1377 1110 1415 fautores
1148 1379 1396 1427 eandemque

66 1453 146 1478 rem
178 1440 436 1479 adversariam
466 1454 551 1480 esse
581 1441 622 1479 in
652 1441 798 1480 iudicio
828 1443 900 1481 Cn.
934 1443 1108 1490 Plancio,
1133 1457 1235 1493 quae
1264 1443 1304 1481 in
1332 1457 1396 1493 pe·

66 1503 204 1543 titione
227 1504 362 1543 suisset
386 1504 562 1553 adiutrix,
586 1505 782 1552 dolebam,
804 1505 966 1553 iudices,
988 1514 1028 1545 et
1047 1508 1187 1545 acerbe
1207 1509 1393 1553 ferebam,

19 1586 49 1602 10
67 1568 98 1606 si
130 1569 244 1607 huius
273 1571 376 1608 salus
406 1570 459 1607 ob
485 1582 572 1607 eam
600 1569 725 1619 ipsam
754 1583 913 1608 causam
942 1578 1043 1609 esset
1072 1571 1256 1618 infestior,
1287 1573 1394 1621 quod

65 1632 98 1670 is
125 1645 256 1671 meam
284 1634 450 1671 salutem
479 1641 597 1683 atque
626 1633 746 1671 vitam
777 1647 847 1672 sua
877 1635 1164 1681 benevolentia,
1199 1635 1394 1685 praesidio

66 1697 324 1746 custodiaque
361 1696 529 1736 texisset.
599 1711 704 1736 nunc
741 1706 874 1737 autem
910 1707 1048 1747 vester,
1096 1701 1258 1747 iudices,
1304 1715 1394 1740 con-

65 1769 220 1813 spectus
251 1769 290 1801 et
323 1775 528 1801 consessus
558 1763 631 1801 iste
659 1765 781 1803 reficit
808 1772 846 1803 et
873 1773 1021 1804 recreat
1050 1774 1223 1805 mentem
1252 1779 1392 1813 meam,

65 1839 156 1864 cum
179 1826 332 1864 intueor
357 1834 396 1864 et
421 1828 668 1877 contemplor
691 1841 815 1866 unum
835 1842 1031 1879 quemque
1050 1838 1239 1868 vestrum:
1277 1830 1392 1869 video

17 1915 46 1939 15
67 1891 172 1929 enim
209 1892 286 1928 hoc
318 1890 359 1928 in
396 1904 561 1930 numero
598 1892 800 1931 neminem
838 1893 901 1931 cui
932 1907 1021 1933 mea
1058 1897 1160 1933 salus
1194 1909 1275 1934 non
1306 1907 1393 1933 cara

65 1956 189 2004 fuerit,
220 1956 328 1995 culus
358 1969 438 1994 non
468 1964 592 1995 exstet
619 1956 660 1994 in
689 1971 753 1996 me
781 1971 978 1997 summum
1004 1960 1198 2007 meritum,
1225 1960 1287 1998 cui
1312 1974 1391 1999 non

66 2021 138 2060 sim
171 2021 379 2060 obstrictus
408 2021 597 2061 memoria
629 2023 810 2061 beneficii
841 2024 1088 2073 sempiterna.
1145 2025 1278 2075 itaque
1312 2040 1390 2065 non
1447 2030 1450 2034 ’

66 2087 278 2126 extimesco
305 2100 355 2126 ne
382 2089 455 2127 Cn.
485 2087 646 2127 Plancio
675 2089 855 2127 custodia
881 2103 993 2128 meae
1025 2090 1159 2129 salutis
1190 2093 1296 2142 apud
1323 2106 1390 2130 eos

67 2152 180 2200 obsit,
217 2151 284 2202 qui
313 2165 376 2190 me
409 2151 484 2202 ipsi
516 2151 686 2191 maxime
715 2154 864 2191 salvum
892 2153 1025 2193 videre
1062 2157 1281 2203 voluerunt,
1313 2169 1391 2194 sae-

15 2239 47 2257 20
65 2215 243 2266 p'iusque,
274 2215 434 2263 iudices,
465 2215 560 2254 mihi
587 2216 694 2255 venit
722 2216 762 2254 in
791 2225 966 2256 mentem
999 2219 1276 2257 admirandum
1305 2232 1391 2257 esse

67 2274 124 2318 M.
156 2281 421 2327 Laterensem,
447 2279 650 2319 hominem
681 2279 1009 2319 studiosissimum
1041 2290 1079 2320 et
1116 2280 1314 2332 dignitatis
1351 2284 1408 2320 et‘

181 2363 228 2396 H.
1253 2368 1272 2400 1

1413 1703 1434 1738 to
