1593 2488
113 97 230 135 XXX
252 93 317 148 72]
371 96 491 135 PRO
532 96 618 134 CN.
649 96 913 135 PLANCIO
955 96 1177 135 ORATIO
1388 110 1435 146 29

116 181 258 222 Calidii
295 189 420 232 putes,
460 182 569 231 quod
607 195 679 232 ego
716 181 756 219 in
789 181 935 220 Plancii
973 182 1084 228 facio,
1125 191 1191 220 aut
1231 184 1436 220 Metellum

117 247 240 295 Pium,
262 247 293 285 si
318 248 471 285 Romae
497 259 581 285 esse
606 246 809 296 potuisset,
830 255 896 285 aut
921 255 1072 296 patrem
1099 247 1193 293 cius,
1216 247 1246 284 si
1267 247 1435 294 vixisset,

114 325 196 350 non
216 311 332 350 fuisse
347 313 548 349 facturum.
602 324 694 349 nam
719 311 867 361 Opimii
887 311 1047 360 quidem
1069 311 1268 349 calamitas
1289 312 1437 349 utinam

115 389 162 414 ex
187 375 391 414 hominum
418 374 608 413 memoria
632 382 765 424 posset
785 374 919 413 evelli!
974 375 1114 413 volnus
1138 375 1234 412 illud
1262 375 1315 413 rei
1344 376 1438 424 pub-

83 456 96 480 ε
115 440 224 487 licae‚
263 441 434 478 dedecus
474 439 587 478 huius
628 439 791 489 imperii,
836 439 1035 489 turpitudo
1073 440 1207 489 populi
1252 439 1436 485 Romani,

115 517 196 543 non
225 503 410 542 iudicium
438 503 658 554 putandum
692 511 759 541 est.
831 516 949 553 quam
980 503 1085 540 enim
1123 503 1178 541 illi
1215 503 1373 550 iudices,
1407 504 1438 542 si

114 568 263 607 iudices
284 576 322 606 et
342 580 423 606 non
444 567 658 617 parricidae
675 566 825 616 patriae
845 566 1077 605 nominandi
1103 575 1202 613 sunt,
1224 567 1438 617 graviorem

114 640 325 682 potuerunt
345 631 399 669 rei
425 631 606 682 publicae
635 629 807 682 infligere
834 631 1012 678 securim,
1034 644 1152 681 quam
1178 645 1268 669 cum
1289 631 1397 669 illum
1417 645 1439 670 e

115 697 271 736 civitate
305 697 512 744 eiecerunt,
549 696 615 746 qui
647 706 804 747 praetor
834 696 1012 744 finitimo,
1048 699 1185 736 consul
1223 698 1440 738 domestico

69 781 99 798 ιο
115 762 220 800 bello
238 774 320 799 rem
342 761 540 810 publicam
567 761 775 799 liberarat?
830 769 868 799 at
889 774 962 811 ego
983 760 1097 799 nimis
1117 775 1302 811 magnum
1323 763 1439 800 bene·
1459 763 1506 800 ’71

116 826 248 865 ficium
283 826 431 864 Plancii
464 826 565 864 facio
599 834 648 873 et,
678 834 722 864 ut
752 826 818 874 ais,
854 825 893 864 id
923 827 1051 865 verbis
1082 840 1294 876 exaggero:
1328 828 1440 877 quasi

114 905 207 930 vero
240 905 303 929 me
335 900 402 930 tuo
436 890 619 929 arbitratu
650 899 688 929 et
719 905 799 929 non
828 905 918 929 meo
947 899 1099 940 gratum
1132 905 1217 930 esse
1249 900 1436 942 oporteat.

119 956 243 1005 ‘quod
271 955 379 993 istius
409 962 562 993 tantum
591 954 815 993 meritum?'
854 955 979 1004 inquit
1011 960 1076 992 ‘an
1102 955 1193 1004 quia
1216 963 1254 993 te
1281 969 1361 993 non
1387 954 1440 993 iu-

117 1019 308 1070 gulavitP'
363 1018 486 1057 immo
512 1032 615 1065 vero,
650 1019 740 1068 quia
768 1019 932 1069 iugulari
961 1033 1096 1069 passus
1126 1034 1207 1058 non
1235 1029 1300 1059 est.
1361 1034 1440 1070 quo

70 1101 101 1125 15
119 1084 277 1134 quidem
294 1091 335 1121 tu
351 1084 451 1129 loco,
471 1083 592 1129 Cassi,
611 1083 726 1121 etiam
740 1083 911 1133 purgasti
931 1083 1109 1122 inimicos
1125 1098 1234 1122 meos
1251 1098 1441 1134 meaeque

117 1149 219 1186 vitae
240 1149 365 1185 nullas
385 1148 435 1185 ab
455 1146 528 1185 illis
556 1147 716 1185 insidias
742 1146 859 1184 fuisse
882 1146 1020 1185 dixisti.
1079 1148 1210 1197 posuit
1232 1148 1309 1185 hoc
1334 1148 1440 1186 idem

118 1212 350 1251 Laterensis.
408 1225 526 1261 quam
547 1212 597 1250 ob
618 1225 700 1249 rem
719 1212 853 1261 paullo
872 1220 960 1260 post
987 1213 1037 1250 de
1063 1212 1137 1250 isto
1156 1214 1268 1262 plura
1288 1212 1439 1251 dicam:

116 1279 167 1317 de
196 1285 234 1316 te
263 1285 416 1314 tantum
445 1275 610 1325 requiro,
632 1284 761 1314 utrum
790 1284 902 1326 putes
930 1276 1064 1314 odium
1093 1277 1134 1314 in
1159 1290 1223 1315 me
1243 1277 1442 1317 mediocre

116 1342 363 1382 inimicorum
391 1341 672 1391 fuisse—quod
692 1341 762 1379 fuit
781 1343 947 1379 ullorum
973 1355 1161 1391 umquam
1190 1343 1440 1382 barbarorum

69 1428 102 1445 20
117 1415 197 1446 tam
221 1408 392 1445 immane
416 1419 462 1444 ac
487 1413 566 1443 tam
595 1406 753 1444 crudele
784 1404 826 1443 in
853 1406 1008 1444 hostem
1020 1408 1143 1444 ?—an
1169 1407 1286 1445 fuisse
1315 1408 1354 1445 in
1388 1408 1443 1446 eis

115 1472 285 1521 aliquem
315 1478 382 1509 aut
410 1472 538 1508 famae
560 1477 709 1508 metum
733 1477 799 1508 aut
827 1483 991 1520 poenae,
1014 1484 1178 1520 quorum
1204 1472 1334 1510 vidisti
1357 1480 1442 1511 toto

116 1535 183 1573 1110
204 1547 309 1572 anno
329 1535 473 1571 ferrum
499 1533 541 1571 in
564 1535 659 1581 foro,
682 1535 882 1572 flammam
910 1534 951 1572 in
979 1535 1161 1581 delubris,
1183 1536 1262 1574 vim
1291 1537 1331 1575 in
1360 1546 1443 1576 tota

115 1601 212 1638 urbe
238 1598 409 1636 versari?
462 1597 536 1636 nisi
564 1599 665 1637 forte
699 1599 896 1637 existimas
928 1613 996 1638 eos
1026 1600 1171 1639 idcirco
1200 1601 1302 1640 vitae
1332 1615 1443 1640 meae

116 1663 350 1714 pepercisse,
377 1663 484 1712 quod
515 1664 566 1701 de
591 1662 719 1701 reditu
753 1677 842 1702 meo
869 1664 965 1702 nihil
993 1664 1184 1704 timerent.
1243 1674 1282 1704 et
1311 1680 1444 1716 quem-

68 1749 100 1772 25
117 1740 235 1777 quam
254 1734 368 1777 putas
389 1727 506 1765 fuisse
526 1735 606 1765 tam
627 1729 846 1775 excordem,
870 1728 936 1778 qui
950 1728 1045 1767 vivis
1065 1730 1125 1767 his
1145 1738 1272 1769 stante
1291 1732 1385 1770 urbe
1406 1740 1443 1770 et

117 1792 222 1831 curia
239 1791 452 1830 rediturum
478 1804 553 1838 me,
575 1791 607 1829 si
625 1791 807 1839 viverem,
830 1806 911 1831 non
938 1796 1120 1842 putaret?
1149 1808 1269 1844 quam
1289 1797 1340 1834 ob
1359 1809 1442 1834 rem

115 1870 197 1896 non
212 1857 337 1895 debes
363 1855 396 1894 is
418 1857 540 1895 homo
561 1864 598 1894 et
618 1856 650 1894 is
671 1856 764 1894 civis
790 1857 1014 1907 praedicare
1032 1858 1152 1897 vitam
1179 1873 1318 1905 meam,
1342 1873 1443 1910 quae

116 1921 303 1961 fidelitate
323 1921 539 1960 amicorum
560 1929 789 1960 conservata
815 1921 874 1969 sit,
896 1920 1143 1961 inimicorum
1163 1924 1343 1962 molestia
1362 1938 1442 1964 non

117 2000 204 2030 esse
220 1985 446 2036 appetitam.

68 2075 102 2099 30
197 2052 316 2089 XXX
362 2050 632 2099 Respondebo
653 2050 723 2089 tibi
742 2064 858 2097 nunc,
876 2052 1110 2099 Laterensis,
1131 2053 1259 2092 minus
1280 2055 1442 2093 fortasse
1461 2058 1511 2096 '72

115 2116 375 2161 vehementer,
397 2127 516 2162 quam
535 2114 605 2152 abs
624 2121 671 2152 ‘te
697 2128 783 2153 sum
807 2124 1053 2165 provocatus,
1076 2118 1146 2155 sed
1171 2119 1348 2167 profecto
1368 2131 1443 2157 nec

115 2179 360 2219 considerate
389 2178 519 2217 minus
552 2192 626 2217 nec
662 2177 790 2217 minus
828 2179 963 2218 amice.
1034 2194 1127 2219 nam
1164 2181 1332 2232 primum
1370 2182 1442 2221 fuit

114 2244 211 2283 illud
236 2242 418 2294 asperius,
439 2256 504 2282 me
530 2256 630 2293 quae
654 2244 705 2283 de
728 2243 890 2283 Plancio
916 2243 1088 2284 dicerem
1114 2245 1268 2284 mentiri
1288 2253 1327 2285 et
1347 2253 1442 2285 tem-
