<?xml version="1.0" encoding="UTF-8"?>
<!DOCTYPE html PUBLIC "-//W3C//DTD XHTML 1.0 Transitional//EN"
    "http://www.w3.org/TR/xhtml1/DTD/xhtml1-transitional.dtd">
<html xmlns="http://www.w3.org/1999/xhtml" xml:lang="en" lang="en">
 <head>
  <title>
</title>
<meta http-equiv="Content-Type" content="text/html;charset=utf-8" />
  <meta name='ocr-system' content='tesseract 3.04.00' />
  <meta name='ocr-capabilities' content='ocr_page ocr_carea ocr_par ocr_line ocrx_word'/>
</head>
<body>
  <div class='ocr_page' id='page_1' title='image "./prognaeoplancioo00ciceuoft/prognaeoplancioo00ciceuoft_0111.png"; bbox 0 0 1593 2488; ppageno 0'>
   <div class='ocr_carea' id='block_1_1' title="bbox 128 104 1448 159">
    <p class='ocr_par' dir='ltr' id='par_1_1' title="bbox 128 104 1448 159">
     <span class='ocr_line' id='line_1_1' title="bbox 128 104 1448 159; baseline -0.003 -13"><span class='ocrx_word' id='word_1_1' title='bbox 128 107 288 146; x_wconf 83' lang='lat' dir='ltr'><strong>XXVII</strong></span> <span class='ocrx_word' id='word_1_2' title='bbox 305 104 372 159; x_wconf 84' lang='lat'>67]</span> <span class='ocrx_word' id='word_1_3' title='bbox 433 106 554 145; x_wconf 79' lang='lat' dir='ltr'>PRO</span> <span class='ocrx_word' id='word_1_4' title='bbox 596 105 682 144; x_wconf 82' lang='lat' dir='ltr'>CN.</span> <span class='ocrx_word' id='word_1_5' title='bbox 713 105 978 144; x_wconf 80' lang='lat' dir='ltr'><em>PLANCIO</em></span> <span class='ocrx_word' id='word_1_6' title='bbox 1019 104 1240 143; x_wconf 74' lang='lat' dir='ltr'><em>ORATIO</em></span> <span class='ocrx_word' id='word_1_7' title='bbox 1401 116 1448 153; x_wconf 83' lang='lat'>27</span> 
     </span>
    </p>
   </div>
   <div class='ocr_carea' id='block_1_2' title="bbox 93 189 1453 496">
    <p class='ocr_par' dir='ltr' id='par_1_2' title="bbox 93 189 1453 496">
     <span class='ocr_line' id='line_1_2' title="bbox 125 189 1451 241; baseline -0.002 -11"><span class='ocrx_word' id='word_1_8' title='bbox 125 192 287 231; x_wconf 92' lang='lat' dir='ltr'>XXVII</span> <span class='ocrx_word' id='word_1_9' title='bbox 333 191 426 230; x_wconf 91' lang='lat' dir='ltr'>huic</span> <span class='ocrx_word' id='word_1_10' title='bbox 465 204 539 241; x_wconf 81' lang='lat' dir='ltr'>ego</span> <span class='ocrx_word' id='word_1_11' title='bbox 582 189 660 229; x_wconf 86' lang='lat' dir='ltr'>iam</span> <span class='ocrx_word' id='word_1_12' title='bbox 699 190 951 229; x_wconf 88' lang='lat' dir='ltr'>stomachans</span> <span class='ocrx_word' id='word_1_13' title='bbox 988 190 1189 229; x_wconf 84' lang='lat' dir='ltr'>fastidiose</span> <span class='ocrx_word' id='word_1_14' title='bbox 1226 189 1363 228; x_wconf 89' lang='lat' dir='ltr'>‘immo</span> <span class='ocrx_word' id='word_1_15' title='bbox 1403 203 1451 229; x_wconf 81' lang='lat' dir='ltr'>ex</span> 
     </span>
     <span class='ocr_line' id='line_1_3' title="bbox 125 253 1453 306; baseline -0.002 -12"><span class='ocrx_word' id='word_1_16' title='bbox 125 255 278 304; x_wconf 88' lang='lat' dir='ltr'>Sicilia,’</span> <span class='ocrx_word' id='word_1_17' title='bbox 297 254 467 306; x_wconf 88' lang='lat' dir='ltr'>inquam.</span> <span class='ocrx_word' id='word_1_18' title='bbox 498 264 582 294; x_wconf 90' lang='lat' dir='ltr'>tum</span> <span class='ocrx_word' id='word_1_19' title='bbox 603 255 775 305; x_wconf 88' lang='lat' dir='ltr'>quidam,</span> <span class='ocrx_word' id='word_1_20' title='bbox 794 256 904 304; x_wconf 89' lang='lat' dir='ltr'>quas&#39;i</span> <span class='ocrx_word' id='word_1_21' title='bbox 925 254 990 304; x_wconf 89' lang='lat' dir='ltr'>qui</span> <span class='ocrx_word' id='word_1_22' title='bbox 1006 254 1139 293; x_wconf 87' lang='lat' dir='ltr'>omnia</span> <span class='ocrx_word' id='word_1_23' title='bbox 1154 253 1284 293; x_wconf 88' lang='lat' dir='ltr'>sciret:</span> <span class='ocrx_word' id='word_1_24' title='bbox 1316 254 1453 304; x_wconf 88' lang='lat' dir='ltr'>‘quid?</span> 
     </span>
     <span class='ocr_line' id='line_1_4' title="bbox 124 318 1451 370; baseline -0.001 -12"><span class='ocrx_word' id='word_1_25' title='bbox 124 327 167 358; x_wconf 90' lang='lat' dir='ltr'>tu</span> <span class='ocrx_word' id='word_1_26' title='bbox 197 321 339 359; x_wconf 87' lang='lat' dir='ltr'>nescis&#39;</span> <span class='ocrx_word' id='word_1_27' title='bbox 365 319 492 370; x_wconf 88' lang='lat' dir='ltr'>inquit</span> <span class='ocrx_word' id='word_1_28' title='bbox 514 321 640 358; x_wconf 89' lang='lat' dir='ltr'>‘hunc</span> <span class='ocrx_word' id='word_1_29' title='bbox 667 326 915 369; x_wconf 82' lang='lat' dir='ltr'>quaestorem</span> <span class='ocrx_word' id='word_1_30' title='bbox 941 318 1138 369; x_wconf 82' lang='lat' dir='ltr'>Syracusis</span> <span class='ocrx_word' id='word_1_31' title='bbox 1167 318 1318 357; x_wconf 67' lang='lat' dir='ltr'>fuisse?</span> <span class='ocrx_word' id='word_1_32' title='bbox 1355 318 1451 368; x_wconf 84' lang='lat' dir='ltr'>quid</span> 
     </span>
     <span class='ocr_line' id='line_1_5' title="bbox 125 382 1451 433; baseline -0.002 -10"><span class='ocrx_word' id='word_1_33' title='bbox 125 386 272 423; x_wconf 85' lang='lat' dir='ltr'>multa?</span> <span class='ocrx_word' id='word_1_34' title='bbox 291 385 422 423; x_wconf 83' lang='lat' dir='ltr'>destiti</span> <span class='ocrx_word' id='word_1_35' title='bbox 438 383 672 423; x_wconf 88' lang='lat' dir='ltr'>stomachari</span> <span class='ocrx_word' id='word_1_36' title='bbox 688 391 726 422; x_wconf 87' lang='lat' dir='ltr'>et</span> <span class='ocrx_word' id='word_1_37' title='bbox 739 397 803 422; x_wconf 92' lang='lat' dir='ltr'>me</span> <span class='ocrx_word' id='word_1_38' title='bbox 816 397 937 421; x_wconf 88' lang='lat' dir='ltr'>unum</span> <span class='ocrx_word' id='word_1_39' title='bbox 958 396 1004 422; x_wconf 87' lang='lat' dir='ltr'>ex</span> <span class='ocrx_word' id='word_1_40' title='bbox 1018 383 1071 421; x_wconf 89' lang='lat' dir='ltr'>eis</span> <span class='ocrx_word' id='word_1_41' title='bbox 1085 382 1168 429; x_wconf 89' lang='lat' dir='ltr'>feci,</span> <span class='ocrx_word' id='word_1_42' title='bbox 1185 383 1250 432; x_wconf 88' lang='lat' dir='ltr'>qui</span> <span class='ocrx_word' id='word_1_43' title='bbox 1267 384 1318 421; x_wconf 89' lang='lat' dir='ltr'>ad</span> <span class='ocrx_word' id='word_1_44' title='bbox 1331 396 1451 433; x_wconf 86' lang='lat' dir='ltr'>aquas</span> 
     </span>
     <span class='ocr_line' id='line_1_6' title="bbox 93 446 1449 496; baseline -0.001 -10"><span class='ocrx_word' id='word_1_45' title='bbox 93 467 110 491; x_wconf 82' lang='lat'>5</span> <span class='ocrx_word' id='word_1_46' title='bbox 125 448 331 487; x_wconf 85' lang='lat' dir='ltr'>venissent.</span> <span class='ocrx_word' id='word_1_47' title='bbox 364 448 432 486; x_wconf 91' lang='lat' dir='ltr'>sed</span> <span class='ocrx_word' id='word_1_48' title='bbox 447 461 492 486; x_wconf 90' lang='lat' dir='ltr'>ea</span> <span class='ocrx_word' id='word_1_49' title='bbox 504 461 575 495; x_wconf 92' lang='lat' dir='ltr'>res,</span> <span class='ocrx_word' id='word_1_50' title='bbox 590 446 750 493; x_wconf 87' lang='lat' dir='ltr'>iudices,</span> <span class='ocrx_word' id='word_1_51' title='bbox 766 447 872 485; x_wconf 88' lang='lat' dir='ltr'>haud</span> <span class='ocrx_word' id='word_1_52' title='bbox 888 446 968 485; x_wconf 89' lang='lat' dir='ltr'>scio</span> <span class='ocrx_word' id='word_1_53' title='bbox 981 460 1031 484; x_wconf 87' lang='lat' dir='ltr'>an</span> <span class='ocrx_word' id='word_1_54' title='bbox 1044 448 1132 496; x_wconf 91' lang='lat' dir='ltr'>plus</span> <span class='ocrx_word' id='word_1_55' title='bbox 1145 447 1238 484; x_wconf 86' lang='lat' dir='ltr'>mihi</span> <span class='ocrx_word' id='word_1_56' title='bbox 1253 447 1449 496; x_wconf 85' lang='lat' dir='ltr'>profuerit,</span> 
     </span>
    </p>
   </div>
   <div class='ocr_carea' id='block_1_3' title="bbox 123 510 1516 560">
    <p class='ocr_par' dir='ltr' id='par_1_3' title="bbox 123 510 1516 560">
     <span class='ocr_line' id='line_1_7' title="bbox 123 510 1516 560; baseline 0.001 -12"><span class='ocrx_word' id='word_1_57' title='bbox 123 523 241 560; x_wconf 88' lang='lat' dir='ltr'>quam</span> <span class='ocrx_word' id='word_1_58' title='bbox 262 510 294 550; x_wconf 84' lang='lat' dir='ltr'>si</span> <span class='ocrx_word' id='word_1_59' title='bbox 313 511 409 549; x_wconf 90' lang='lat' dir='ltr'>mihi</span> <span class='ocrx_word' id='word_1_60' title='bbox 429 519 511 550; x_wconf 88' lang='lat' dir='ltr'>tum</span> <span class='ocrx_word' id='word_1_61' title='bbox 531 519 662 550; x_wconf 84' lang='lat' dir='ltr'>essent</span> <span class='ocrx_word' id='word_1_62' title='bbox 682 523 820 550; x_wconf 89' lang='lat' dir='ltr'>omnes</span> <span class='ocrx_word' id='word_1_63' title='bbox 840 510 1039 560; x_wconf 85' lang='lat' dir='ltr'>gratulati:</span> <span class='ocrx_word' id='word_1_64' title='bbox 1063 524 1155 548; x_wconf 91' lang='lat' dir='ltr'>nam</span> <span class='ocrx_word' id='word_1_65' title='bbox 1174 518 1313 560; x_wconf 85' lang='lat' dir='ltr'>postea</span> <span class='ocrx_word' id='word_1_66' title='bbox 1332 523 1449 559; x_wconf 89' lang='lat' dir='ltr'>quam</span> <span class='ocrx_word' id='word_1_67' title='bbox 1468 512 1516 549; x_wconf 88' lang='grc'>66</span> 
     </span>
    </p>
   </div>
   <div class='ocr_carea' id='block_1_4' title="bbox 69 574 1452 1592">
    <p class='ocr_par' dir='ltr' id='par_1_4' title="bbox 69 574 1452 1592">
     <span class='ocr_line' id='line_1_8' title="bbox 121 574 1450 626; baseline -0.001 -13"><span class='ocrx_word' id='word_1_68' title='bbox 121 575 225 614; x_wconf 90' lang='lat' dir='ltr'>sensi</span> <span class='ocrx_word' id='word_1_69' title='bbox 257 575 395 626; x_wconf 90' lang='lat' dir='ltr'>populi</span> <span class='ocrx_word' id='word_1_70' title='bbox 429 574 602 614; x_wconf 88' lang='lat' dir='ltr'>Romani</span> <span class='ocrx_word' id='word_1_71' title='bbox 634 574 736 613; x_wconf 85' lang='lat' dir='ltr'>auris</span> <span class='ocrx_word' id='word_1_72' title='bbox 770 574 1002 620; x_wconf 82' lang='lat' dir='ltr'>hebetiores,</span> <span class='ocrx_word' id='word_1_73' title='bbox 1033 575 1168 613; x_wconf 87' lang='lat' dir='ltr'>oculos</span> <span class='ocrx_word' id='word_1_74' title='bbox 1202 582 1333 612; x_wconf 81' lang='lat' dir='ltr'>autem</span> <span class='ocrx_word' id='word_1_75' title='bbox 1366 587 1450 612; x_wconf 90' lang='lat' dir='ltr'>esse</span> 
     </span>
     <span class='ocr_line' id='line_1_9' title="bbox 121 637 1452 689; baseline -0.002 -12"><span class='ocrx_word' id='word_1_76' title='bbox 121 638 219 678; x_wconf 92' lang='lat' dir='ltr'>acris</span> <span class='ocrx_word' id='word_1_77' title='bbox 239 648 357 689; x_wconf 89' lang='lat' dir='ltr'>atque</span> <span class='ocrx_word' id='word_1_78' title='bbox 378 647 525 686; x_wconf 78' lang='lat' dir='ltr'>acut05‚</span> <span class='ocrx_word' id='word_1_79' title='bbox 548 638 679 678; x_wconf 85' lang='lat' dir='ltr'>destiti</span> <span class='ocrx_word' id='word_1_80' title='bbox 699 638 794 688; x_wconf 92' lang='lat' dir='ltr'>quid</span> <span class='ocrx_word' id='word_1_81' title='bbox 815 639 865 677; x_wconf 94' lang='lat' dir='ltr'>de</span> <span class='ocrx_word' id='word_1_82' title='bbox 885 652 949 677; x_wconf 90' lang='lat' dir='ltr'>me</span> <span class='ocrx_word' id='word_1_83' title='bbox 978 638 1147 676; x_wconf 84' lang='lat' dir='ltr'>audituri</span> <span class='ocrx_word' id='word_1_84' title='bbox 1172 645 1303 676; x_wconf 86' lang='lat' dir='ltr'>essent</span> <span class='ocrx_word' id='word_1_85' title='bbox 1328 637 1452 676; x_wconf 86' lang='lat' dir='ltr'>homi-</span> 
     </span>
     <span class='ocr_line' id='line_1_10' title="bbox 121 701 1450 754; baseline -0.002 -13"><span class='ocrx_word' id='word_1_86' title='bbox 121 715 191 742; x_wconf 92' lang='lat' dir='ltr'>nes</span> <span class='ocrx_word' id='word_1_87' title='bbox 211 704 380 753; x_wconf 85' lang='lat' dir='ltr'>cogitare</span> <span class='ocrx_word' id='word_1_88' title='bbox 388 717 399 751; x_wconf 77' lang='lat'><em>3</em></span> <span class='ocrx_word' id='word_1_89' title='bbox 424 704 498 742; x_wconf 86' lang='lat' dir='ltr'>feci</span> <span class='ocrx_word' id='word_1_90' title='bbox 517 711 560 742; x_wconf 91' lang='lat' dir='ltr'>ut</span> <span class='ocrx_word' id='word_1_91' title='bbox 579 712 717 754; x_wconf 88' lang='lat' dir='ltr'>postea</span> <span class='ocrx_word' id='word_1_92' title='bbox 736 702 881 741; x_wconf 83' lang='lat' dir='ltr'>cotidie</span> <span class='ocrx_word' id='word_1_93' title='bbox 900 710 1145 752; x_wconf 77' lang='lat' dir='ltr'>praesentem</span> <span class='ocrx_word' id='word_1_94' title='bbox 1171 715 1234 740; x_wconf 90' lang='lat' dir='ltr'>me</span> <span class='ocrx_word' id='word_1_95' title='bbox 1253 701 1450 740; x_wconf 83' lang='lat' dir='ltr'>viderent:</span> 
     </span>
     <span class='ocr_line' id='line_1_11' title="bbox 74 767 1449 818; baseline 0.001 -14"><span class='ocrx_word' id='word_1_96' title='bbox 74 784 107 803; x_wconf 84' lang='grc' dir='ltr'>ιο</span> <span class='ocrx_word' id='word_1_97' title='bbox 122 768 294 806; x_wconf 83' lang='lat' dir='ltr'>habitavi</span> <span class='ocrx_word' id='word_1_98' title='bbox 313 769 353 807; x_wconf 89' lang='lat' dir='ltr'>in</span> <span class='ocrx_word' id='word_1_99' title='bbox 380 768 514 815; x_wconf 88' lang='lat' dir='ltr'>oculis,</span> <span class='ocrx_word' id='word_1_100' title='bbox 535 767 657 818; x_wconf 82' lang='lat' dir='ltr'>pressi</span> <span class='ocrx_word' id='word_1_101' title='bbox 682 770 833 815; x_wconf 69' lang='lat' dir='ltr'>forum,</span> <span class='ocrx_word' id='word_1_102' title='bbox 862 767 1060 806; x_wconf 89' lang='lat' dir='ltr'>neminem</span> <span class='ocrx_word' id='word_1_103' title='bbox 1081 781 1104 805; x_wconf 90' lang='lat' dir='ltr'>a</span> <span class='ocrx_word' id='word_1_104' title='bbox 1123 780 1333 817; x_wconf 80' lang='lat' dir='ltr'>congressu</span> <span class='ocrx_word' id='word_1_105' title='bbox 1358 779 1449 806; x_wconf 90' lang='lat' dir='ltr'>meo</span> 
     </span>
     <span class='ocr_line' id='line_1_12' title="bbox 121 831 1448 882; baseline -0.001 -11"><span class='ocrx_word' id='word_1_106' title='bbox 121 845 251 882; x_wconf 88' lang='lat' dir='ltr'>neque</span> <span class='ocrx_word' id='word_1_107' title='bbox 278 832 420 871; x_wconf 90' lang='lat' dir='ltr'>ianitor</span> <span class='ocrx_word' id='word_1_108' title='bbox 447 846 558 871; x_wconf 89' lang='lat' dir='ltr'>meus</span> <span class='ocrx_word' id='word_1_109' title='bbox 587 845 716 882; x_wconf 90' lang='lat' dir='ltr'>neque</span> <span class='ocrx_word' id='word_1_110' title='bbox 742 845 904 870; x_wconf 86' lang='lat' dir='ltr'>somnus</span> <span class='ocrx_word' id='word_1_111' title='bbox 931 831 1145 870; x_wconf 84' lang='lat' dir='ltr'>absterruit.</span> <span class='ocrx_word' id='word_1_112' title='bbox 1204 831 1346 881; x_wconf 87' lang='lat' dir='ltr'>ecquid</span> <span class='ocrx_word' id='word_1_113' title='bbox 1374 844 1448 881; x_wconf 84' lang='lat' dir='ltr'>ego</span> 
     </span>
     <span class='ocr_line' id='line_1_13' title="bbox 119 895 1448 948; baseline -0.002 -13"><span class='ocrx_word' id='word_1_114' title='bbox 119 897 249 936; x_wconf 85' lang='lat' dir='ltr'>dicam</span> <span class='ocrx_word' id='word_1_115' title='bbox 279 898 331 937; x_wconf 87' lang='lat' dir='ltr'>de</span> <span class='ocrx_word' id='word_1_116' title='bbox 361 897 562 948; x_wconf 86' lang='lat' dir='ltr'>occupatis</span> <span class='ocrx_word' id='word_1_117' title='bbox 593 897 690 936; x_wconf 90' lang='lat' dir='ltr'>meis</span> <span class='ocrx_word' id='word_1_118' title='bbox 723 897 980 947; x_wconf 86' lang='lat' dir='ltr'>temporibus,</span> <span class='ocrx_word' id='word_1_119' title='bbox 1011 896 1075 934; x_wconf 91' lang='lat' dir='ltr'>cui</span> <span class='ocrx_word' id='word_1_120' title='bbox 1103 895 1217 935; x_wconf 87' lang='lat' dir='ltr'>fuerit</span> <span class='ocrx_word' id='word_1_121' title='bbox 1244 908 1295 933; x_wconf 90' lang='lat' dir='ltr'>ne</span> <span class='ocrx_word' id='word_1_122' title='bbox 1323 895 1448 934; x_wconf 88' lang='lat' dir='ltr'>otium</span> 
     </span>
     <span class='ocr_line' id='line_1_14' title="bbox 120 961 1445 1013; baseline -0.002 -12"><span class='ocrx_word' id='word_1_123' title='bbox 120 963 280 1012; x_wconf 89' lang='lat' dir='ltr'>quidem</span> <span class='ocrx_word' id='word_1_124' title='bbox 295 976 483 1013; x_wconf 87' lang='lat' dir='ltr'>umquam</span> <span class='ocrx_word' id='word_1_125' title='bbox 504 962 700 1001; x_wconf 86' lang='lat' dir='ltr'>otiosum?</span> <span class='ocrx_word' id='word_1_126' title='bbox 728 975 819 1000; x_wconf 90' lang='lat' dir='ltr'>nam</span> <span class='ocrx_word' id='word_1_127' title='bbox 836 975 932 1012; x_wconf 86' lang='lat' dir='ltr'>quas</span> <span class='ocrx_word' id='word_1_128' title='bbox 949 970 991 1000; x_wconf 89' lang='lat' dir='ltr'>tu</span> <span class='ocrx_word' id='word_1_129' title='bbox 1006 975 1303 1008; x_wconf 83' lang='lat' dir='ltr'>commemoras,</span> <span class='ocrx_word' id='word_1_130' title='bbox 1323 961 1445 1008; x_wconf 88' lang='lat' dir='ltr'>Cassi,</span> 
     </span>
     <span class='ocr_line' id='line_1_15' title="bbox 118 1025 1447 1076; baseline 0 -12"><span class='ocrx_word' id='word_1_131' title='bbox 118 1026 246 1075; x_wconf 83' lang='lat' dir='ltr'>legere</span> <span class='ocrx_word' id='word_1_132' title='bbox 275 1034 314 1065; x_wconf 90' lang='lat' dir='ltr'>te</span> <span class='ocrx_word' id='word_1_133' title='bbox 342 1028 467 1066; x_wconf 89' lang='lat' dir='ltr'>solere</span> <span class='ocrx_word' id='word_1_134' title='bbox 495 1026 702 1073; x_wconf 87' lang='lat' dir='ltr'>orationes,</span> <span class='ocrx_word' id='word_1_135' title='bbox 734 1039 823 1064; x_wconf 88' lang='lat' dir='ltr'>cum</span> <span class='ocrx_word' id='word_1_136' title='bbox 852 1026 1000 1065; x_wconf 86' lang='lat' dir='ltr'>otiosus</span> <span class='ocrx_word' id='word_1_137' title='bbox 1030 1027 1092 1072; x_wconf 85' lang='lat' dir='ltr'>sis,</span> <span class='ocrx_word' id='word_1_138' title='bbox 1113 1027 1182 1064; x_wconf 88' lang='lat' dir='ltr'>has</span> <span class='ocrx_word' id='word_1_139' title='bbox 1211 1039 1284 1076; x_wconf 82' lang='lat' dir='ltr'>ego</span> <span class='ocrx_word' id='word_1_140' title='bbox 1313 1025 1447 1075; x_wconf 88' lang='lat' dir='ltr'>scripsi</span> 
     </span>
     <span class='ocr_line' id='line_1_16' title="bbox 72 1090 1446 1140; baseline 0.003 -15"><span class='ocrx_word' id='word_1_141' title='bbox 72 1109 102 1132; x_wconf 76' lang='lat'>15</span> <span class='ocrx_word' id='word_1_142' title='bbox 120 1090 220 1129; x_wconf 86' lang='lat' dir='ltr'>ludis</span> <span class='ocrx_word' id='word_1_143' title='bbox 249 1098 287 1130; x_wconf 91' lang='lat' dir='ltr'>et</span> <span class='ocrx_word' id='word_1_144' title='bbox 315 1091 428 1137; x_wconf 87' lang='lat' dir='ltr'>feriis,</span> <span class='ocrx_word' id='word_1_145' title='bbox 457 1105 507 1130; x_wconf 90' lang='lat' dir='ltr'>ne</span> <span class='ocrx_word' id='word_1_146' title='bbox 540 1091 703 1130; x_wconf 87' lang='lat' dir='ltr'>omnino</span> <span class='ocrx_word' id='word_1_147' title='bbox 732 1104 921 1140; x_wconf 88' lang='lat' dir='ltr'>umquam</span> <span class='ocrx_word' id='word_1_148' title='bbox 945 1104 1072 1129; x_wconf 89' lang='lat' dir='ltr'>essem</span> <span class='ocrx_word' id='word_1_149' title='bbox 1101 1090 1260 1129; x_wconf 91' lang='lat' dir='ltr'>otiosus.</span> <span class='ocrx_word' id='word_1_150' title='bbox 1300 1091 1446 1129; x_wconf 89' lang='lat' dir='ltr'>etenim</span> 
     </span>
     <span class='ocr_line' id='line_1_17' title="bbox 120 1154 1440 1205; baseline 0 -13"><span class='ocrx_word' id='word_1_151' title='bbox 120 1156 174 1192; x_wconf 88' lang='lat' dir='ltr'>M.</span> <span class='ocrx_word' id='word_1_152' title='bbox 186 1154 348 1194; x_wconf 85' lang='lat' dir='ltr'>Catonis</span> <span class='ocrx_word' id='word_1_153' title='bbox 361 1155 470 1201; x_wconf 88' lang='lat' dir='ltr'>illud,</span> <span class='ocrx_word' id='word_1_154' title='bbox 488 1156 597 1205; x_wconf 90' lang='lat' dir='ltr'>quod</span> <span class='ocrx_word' id='word_1_155' title='bbox 612 1155 651 1193; x_wconf 91' lang='lat' dir='ltr'>in</span> <span class='ocrx_word' id='word_1_156' title='bbox 664 1154 858 1205; x_wconf 88' lang='lat' dir='ltr'>principio</span> <span class='ocrx_word' id='word_1_157' title='bbox 874 1155 1027 1204; x_wconf 85' lang='lat' dir='ltr'>scripsit</span> <span class='ocrx_word' id='word_1_158' title='bbox 1049 1154 1251 1204; x_wconf 82' lang='lat' dir='ltr'>Originum</span> <span class='ocrx_word' id='word_1_159' title='bbox 1273 1168 1440 1201; x_wconf 90' lang='lat' dir='ltr'>suarum,</span> 
     </span>
     <span class='ocr_line' id='line_1_18' title="bbox 118 1220 1443 1270; baseline 0.001 -12"><span class='ocrx_word' id='word_1_160' title='bbox 118 1232 274 1269; x_wconf 86' lang='lat' dir='ltr'>semper</span> <span class='ocrx_word' id='word_1_161' title='bbox 297 1221 548 1270; x_wconf 82' lang='lat' dir='ltr'>magnificum</span> <span class='ocrx_word' id='word_1_162' title='bbox 570 1228 608 1259; x_wconf 88' lang='lat' dir='ltr'>et</span> <span class='ocrx_word' id='word_1_163' title='bbox 628 1222 870 1270; x_wconf 88' lang='lat' dir='ltr'>praeclarum</span> <span class='ocrx_word' id='word_1_164' title='bbox 896 1220 1040 1270; x_wconf 81' lang='lat' dir='ltr'>putavi,</span> <span class='ocrx_word' id='word_1_165' title='bbox 1064 1222 1255 1259; x_wconf 89' lang='lat' dir='ltr'>clarorum</span> <span class='ocrx_word' id='word_1_166' title='bbox 1273 1220 1443 1259; x_wconf 80' lang='lat' dir='ltr'>virorum</span> 
     </span>
     <span class='ocr_line' id='line_1_19' title="bbox 116 1284 1446 1334; baseline 0.001 -13"><span class='ocrx_word' id='word_1_167' title='bbox 116 1291 234 1332; x_wconf 85' lang='lat' dir='ltr'>atque</span> <span class='ocrx_word' id='word_1_168' title='bbox 263 1297 495 1334; x_wconf 87' lang='lat' dir='ltr'>magnorum</span> <span class='ocrx_word' id='word_1_169' title='bbox 520 1298 601 1323; x_wconf 94' lang='lat' dir='ltr'>non</span> <span class='ocrx_word' id='word_1_170' title='bbox 621 1284 749 1323; x_wconf 86' lang='lat' dir='ltr'>minus</span> <span class='ocrx_word' id='word_1_171' title='bbox 769 1284 839 1323; x_wconf 91' lang='lat' dir='ltr'>otii</span> <span class='ocrx_word' id='word_1_172' title='bbox 859 1298 978 1334; x_wconf 84' lang='lat' dir='ltr'>quarn</span> <span class='ocrx_word' id='word_1_173' title='bbox 998 1284 1144 1334; x_wconf 80' lang='lat' dir='ltr'>negotii</span> <span class='ocrx_word' id='word_1_174' title='bbox 1163 1285 1355 1323; x_wconf 89' lang='lat' dir='ltr'>rationem</span> <span class='ocrx_word' id='word_1_175' title='bbox 1383 1298 1446 1323; x_wconf 85' lang='lat' dir='ltr'>ex-</span> 
     </span>
     <span class='ocr_line' id='line_1_20' title="bbox 117 1347 1445 1398; baseline 0.002 -13"><span class='ocrx_word' id='word_1_176' title='bbox 117 1354 217 1385; x_wconf 89' lang='lat' dir='ltr'>stare</span> <span class='ocrx_word' id='word_1_177' title='bbox 242 1356 434 1396; x_wconf 88' lang='lat' dir='ltr'>oportere.</span> <span class='ocrx_word' id='word_1_178' title='bbox 490 1347 624 1398; x_wconf 87' lang='lat' dir='ltr'>itaque</span> <span class='ocrx_word' id='word_1_179' title='bbox 644 1348 676 1386; x_wconf 90' lang='lat' dir='ltr'>si</span> <span class='ocrx_word' id='word_1_180' title='bbox 696 1361 815 1397; x_wconf 91' lang='lat' dir='ltr'>quam</span> <span class='ocrx_word' id='word_1_181' title='bbox 835 1348 964 1386; x_wconf 89' lang='lat' dir='ltr'>habeo</span> <span class='ocrx_word' id='word_1_182' title='bbox 985 1349 1154 1394; x_wconf 88' lang='lat' dir='ltr'>laudem,</span> <span class='ocrx_word' id='word_1_183' title='bbox 1177 1361 1278 1397; x_wconf 88' lang='lat' dir='ltr'>quae</span> <span class='ocrx_word' id='word_1_184' title='bbox 1299 1356 1445 1398; x_wconf 89' lang='lat' dir='ltr'>quanta</span> 
     </span>
     <span class='ocr_line' id='line_1_21' title="bbox 69 1408 1444 1461; baseline 0.001 -12"><span class='ocrx_word' id='word_1_185' title='bbox 69 1432 102 1449; x_wconf 79' lang='lat'>20</span> <span class='ocrx_word' id='word_1_186' title='bbox 117 1408 164 1447; x_wconf 87' lang='lat' dir='ltr'>sit</span> <span class='ocrx_word' id='word_1_187' title='bbox 183 1410 328 1457; x_wconf 89' lang='lat' dir='ltr'>nescio,</span> <span class='ocrx_word' id='word_1_188' title='bbox 349 1418 460 1461; x_wconf 88' lang='lat' dir='ltr'>parta</span> <span class='ocrx_word' id='word_1_189' title='bbox 479 1412 634 1449; x_wconf 86' lang='lat' dir='ltr'>Romae</span> <span class='ocrx_word' id='word_1_190' title='bbox 654 1419 722 1457; x_wconf 89' lang='lat' dir='ltr'>est,</span> <span class='ocrx_word' id='word_1_191' title='bbox 738 1411 915 1461; x_wconf 87' lang='lat' dir='ltr'>quaesita</span> <span class='ocrx_word' id='word_1_192' title='bbox 933 1411 974 1449; x_wconf 89' lang='lat' dir='ltr'>in</span> <span class='ocrx_word' id='word_1_193' title='bbox 992 1412 1094 1458; x_wconf 79' lang='lat' dir='ltr'>for03</span> <span class='ocrx_word' id='word_1_194' title='bbox 1114 1424 1280 1461; x_wconf 89' lang='lat' dir='ltr'>meaque</span> <span class='ocrx_word' id='word_1_195' title='bbox 1295 1411 1444 1461; x_wconf 84' lang='lat' dir='ltr'>privata</span> 
     </span>
     <span class='ocr_line' id='line_1_22' title="bbox 116 1475 1442 1526; baseline 0.002 -14"><span class='ocrx_word' id='word_1_196' title='bbox 116 1475 279 1513; x_wconf 84' lang='lat' dir='ltr'>consilia</span> <span class='ocrx_word' id='word_1_197' title='bbox 311 1476 458 1526; x_wconf 85' lang='lat' dir='ltr'>publici</span> <span class='ocrx_word' id='word_1_198' title='bbox 495 1489 655 1526; x_wconf 89' lang='lat' dir='ltr'>quoque</span> <span class='ocrx_word' id='word_1_199' title='bbox 692 1489 805 1514; x_wconf 83' lang='lat' dir='ltr'>casus</span> <span class='ocrx_word' id='word_1_200' title='bbox 842 1477 1205 1526; x_wconf 81' lang='lat' dir='ltr'>comprobaverunt,</span> <span class='ocrx_word' id='word_1_201' title='bbox 1239 1483 1284 1514; x_wconf 87' lang='lat' dir='ltr'>ut</span> <span class='ocrx_word' id='word_1_202' title='bbox 1324 1475 1442 1514; x_wconf 89' lang='lat' dir='ltr'>etiam</span> 
     </span>
     <span class='ocr_line' id='line_1_23' title="bbox 115 1540 1442 1592; baseline 0 -13"><span class='ocrx_word' id='word_1_203' title='bbox 115 1554 268 1579; x_wconf 90' lang='lat' dir='ltr'>summa</span> <span class='ocrx_word' id='word_1_204' title='bbox 286 1555 345 1580; x_wconf 91' lang='lat' dir='ltr'>res</span> <span class='ocrx_word' id='word_1_205' title='bbox 365 1542 525 1592; x_wconf 89' lang='lat' dir='ltr'>publica</span> <span class='ocrx_word' id='word_1_206' title='bbox 543 1542 638 1579; x_wconf 89' lang='lat' dir='ltr'>mihi</span> <span class='ocrx_word' id='word_1_207' title='bbox 659 1541 766 1581; x_wconf 86' lang='lat' dir='ltr'>domi</span> <span class='ocrx_word' id='word_1_208' title='bbox 788 1542 902 1580; x_wconf 89' lang='lat' dir='ltr'>fuerit</span> <span class='ocrx_word' id='word_1_209' title='bbox 927 1543 1099 1592; x_wconf 85' lang='lat' dir='ltr'>gerenda</span> <span class='ocrx_word' id='word_1_210' title='bbox 1118 1549 1157 1579; x_wconf 90' lang='lat' dir='ltr'>et</span> <span class='ocrx_word' id='word_1_211' title='bbox 1176 1542 1267 1580; x_wconf 90' lang='lat' dir='ltr'>urbs</span> <span class='ocrx_word' id='word_1_212' title='bbox 1285 1540 1327 1579; x_wconf 92' lang='lat' dir='ltr'>in</span> <span class='ocrx_word' id='word_1_213' title='bbox 1346 1542 1442 1580; x_wconf 87' lang='lat' dir='ltr'>urbe</span> 
     </span>
    </p>
   </div>
   <div class='ocr_carea' id='block_1_5' title="bbox 114 1606 1507 1658">
    <p class='ocr_par' dir='ltr' id='par_1_5' title="bbox 114 1606 1507 1658">
     <span class='ocr_line' id='line_1_24' title="bbox 114 1606 1507 1658; baseline 0 -14"><span class='ocrx_word' id='word_1_214' title='bbox 114 1608 314 1646; x_wconf 86' lang='lat' dir='ltr'>servanda.</span> <span class='ocrx_word' id='word_1_215' title='bbox 373 1609 513 1646; x_wconf 87' lang='lat' dir='ltr'>eadem</span> <span class='ocrx_word' id='word_1_216' title='bbox 546 1607 670 1658; x_wconf 83' lang='lat' dir='ltr'>igitur,</span> <span class='ocrx_word' id='word_1_217' title='bbox 706 1608 830 1654; x_wconf 85' lang='lat' dir='ltr'>Cassi,</span> <span class='ocrx_word' id='word_1_218' title='bbox 859 1607 924 1646; x_wconf 84' lang='lat' dir='ltr'>via</span> <span class='ocrx_word' id='word_1_219' title='bbox 956 1607 1108 1645; x_wconf 86' lang='lat' dir='ltr'>munita</span> <span class='ocrx_word' id='word_1_220' title='bbox 1137 1606 1341 1646; x_wconf 85' lang='lat' dir='ltr'>Laterensi</span> <span class='ocrx_word' id='word_1_221' title='bbox 1369 1615 1438 1654; x_wconf 87' lang='lat' dir='ltr'>est,</span> <span class='ocrx_word' id='word_1_222' title='bbox 1459 1607 1507 1644; x_wconf 87' lang='grc'>67</span> 
     </span>
    </p>
   </div>
   <div class='ocr_carea' id='block_1_6' title="bbox 65 1671 1446 2232">
    <p class='ocr_par' dir='ltr' id='par_1_6' title="bbox 113 1671 1440 1724">
     <span class='ocr_line' id='line_1_25' title="bbox 113 1671 1440 1724; baseline -0.001 -13"><span class='ocrx_word' id='word_1_223' title='bbox 113 1671 219 1711; x_wconf 84' lang='lat' dir='ltr'>idem</span> <span class='ocrx_word' id='word_1_224' title='bbox 247 1672 396 1712; x_wconf 86' lang='lat' dir='ltr'>virtutis</span> <span class='ocrx_word' id='word_1_225' title='bbox 425 1687 558 1712; x_wconf 87' lang='lat' dir='ltr'>cursus</span> <span class='ocrx_word' id='word_1_226' title='bbox 587 1675 638 1712; x_wconf 89' lang='lat' dir='ltr'>ad</span> <span class='ocrx_word' id='word_1_227' title='bbox 663 1673 836 1724; x_wconf 84' lang='lat' dir='ltr'>gloriam,</span> <span class='ocrx_word' id='word_1_228' title='bbox 865 1674 941 1712; x_wconf 90' lang='lat' dir='ltr'>hoc</span> <span class='ocrx_word' id='word_1_229' title='bbox 966 1672 1114 1711; x_wconf 83' lang='lat' dir='ltr'>facilior</span> <span class='ocrx_word' id='word_1_230' title='bbox 1136 1674 1308 1719; x_wconf 87' lang='lat' dir='ltr'>fortasse,</span> <span class='ocrx_word' id='word_1_231' title='bbox 1329 1674 1440 1722; x_wconf 90' lang='lat' dir='ltr'>quod</span> 
     </span>
    </p>

    <p class='ocr_par' dir='ltr' id='par_1_7' title="bbox 66 1737 1446 2047">
     <span class='ocr_line' id='line_1_26' title="bbox 66 1737 1446 1789; baseline -0.003 -11"><span class='ocrx_word' id='word_1_232' title='bbox 66 1760 97 1783; x_wconf 82' lang='lat'>25</span> <span class='ocrx_word' id='word_1_233' title='bbox 115 1752 187 1789; x_wconf 87' lang='lat' dir='ltr'>ego</span> <span class='ocrx_word' id='word_1_234' title='bbox 207 1740 283 1778; x_wconf 90' lang='lat' dir='ltr'>huc</span> <span class='ocrx_word' id='word_1_235' title='bbox 302 1753 326 1778; x_wconf 89' lang='lat' dir='ltr'>a</span> <span class='ocrx_word' id='word_1_236' title='bbox 344 1752 409 1778; x_wconf 90' lang='lat' dir='ltr'>me</span> <span class='ocrx_word' id='word_1_237' title='bbox 438 1746 543 1778; x_wconf 87' lang='lat' dir='ltr'>ortus</span> <span class='ocrx_word' id='word_1_238' title='bbox 570 1747 609 1778; x_wconf 90' lang='lat' dir='ltr'>et</span> <span class='ocrx_word' id='word_1_239' title='bbox 633 1752 704 1789; x_wconf 86' lang='lat' dir='ltr'>per</span> <span class='ocrx_word' id='word_1_240' title='bbox 730 1752 793 1777; x_wconf 90' lang='lat' dir='ltr'>me</span> <span class='ocrx_word' id='word_1_241' title='bbox 822 1739 934 1777; x_wconf 77' lang='lat' dir='ltr'>nixus</span> <span class='ocrx_word' id='word_1_242' title='bbox 961 1738 1131 1784; x_wconf 84' lang='lat' dir='ltr'>ascendi,</span> <span class='ocrx_word' id='word_1_243' title='bbox 1153 1737 1260 1776; x_wconf 82' lang='lat' dir='ltr'>istius</span> <span class='ocrx_word' id='word_1_244' title='bbox 1288 1737 1446 1787; x_wconf 19' lang='lat' dir='ltr'>egregia,</span> 
     </span>
     <span class='ocr_line' id='line_1_27' title="bbox 111 1803 1438 1844; baseline -0.002 -2"><span class='ocrx_word' id='word_1_245' title='bbox 111 1804 229 1843; x_wconf 88' lang='lat' dir='ltr'>virtus</span> <span class='ocrx_word' id='word_1_246' title='bbox 249 1805 495 1844; x_wconf 88' lang='lat' dir='ltr'>adiuvabitur</span> <span class='ocrx_word' id='word_1_247' title='bbox 513 1803 860 1843; x_wconf 86' lang='lat' dir='ltr'>commendatione</span> <span class='ocrx_word' id='word_1_248' title='bbox 880 1803 1083 1842; x_wconf 85' lang='lat' dir='ltr'>maiorum.</span> <span class='ocrx_word' id='word_1_249' title='bbox 1129 1804 1197 1841; x_wconf 90' lang='lat' dir='ltr'>sed</span> <span class='ocrx_word' id='word_1_250' title='bbox 1218 1810 1261 1841; x_wconf 88' lang='lat' dir='ltr'>ut</span> <span class='ocrx_word' id='word_1_251' title='bbox 1278 1803 1438 1841; x_wconf 80' lang='lat' dir='ltr'>redeam</span> 
     </span>
     <span class='ocr_line' id='line_1_28' title="bbox 112 1868 1439 1919; baseline -0.002 -11"><span class='ocrx_word' id='word_1_252' title='bbox 112 1869 163 1907; x_wconf 85' lang='lat' dir='ltr'>ad</span> <span class='ocrx_word' id='word_1_253' title='bbox 192 1870 406 1916; x_wconf 87' lang='lat' dir='ltr'>Plancium,</span> <span class='ocrx_word' id='word_1_254' title='bbox 441 1883 658 1919; x_wconf 86' lang='lat' dir='ltr'>numquam</span> <span class='ocrx_word' id='word_1_255' title='bbox 687 1882 734 1908; x_wconf 82' lang='lat' dir='ltr'>ex</span> <span class='ocrx_word' id='word_1_256' title='bbox 761 1870 858 1908; x_wconf 92' lang='lat' dir='ltr'>urbe</span> <span class='ocrx_word' id='word_1_257' title='bbox 885 1869 981 1907; x_wconf 87' lang='lat' dir='ltr'>afuit</span> <span class='ocrx_word' id='word_1_258' title='bbox 1013 1868 1087 1907; x_wconf 89' lang='lat' dir='ltr'>nisi</span> <span class='ocrx_word' id='word_1_259' title='bbox 1121 1876 1223 1907; x_wconf 89' lang='lat' dir='ltr'>sorte</span> <span class='ocrx_word' id='word_1_260' title='bbox 1255 1869 1341 1917; x_wconf 84' lang='lat' dir='ltr'>lege</span> <span class='ocrx_word' id='word_1_261' title='bbox 1374 1880 1439 1906; x_wconf 86' lang='lat' dir='ltr'>ne-</span> 
     </span>
     <span class='ocr_line' id='line_1_29' title="bbox 112 1933 1436 1984; baseline -0.002 -12"><span class='ocrx_word' id='word_1_262' title='bbox 112 1934 308 1974; x_wconf 88' lang='lat' dir='ltr'>cessitate:</span> <span class='ocrx_word' id='word_1_263' title='bbox 337 1948 419 1973; x_wconf 92' lang='lat' dir='ltr'>non</span> <span class='ocrx_word' id='word_1_264' title='bbox 436 1935 558 1973; x_wconf 84' lang='lat' dir='ltr'>valuit</span> <span class='ocrx_word' id='word_1_265' title='bbox 577 1935 692 1974; x_wconf 87' lang='lat' dir='ltr'>rebus</span> <span class='ocrx_word' id='word_1_266' title='bbox 711 1935 849 1982; x_wconf 87' lang='lat' dir='ltr'>isdem,</span> <span class='ocrx_word' id='word_1_267' title='bbox 871 1934 1012 1984; x_wconf 90' lang='lat' dir='ltr'>quibus</span> <span class='ocrx_word' id='word_1_268' title='bbox 1038 1935 1200 1972; x_wconf 84' lang='lat' dir='ltr'>fortasse</span> <span class='ocrx_word' id='word_1_269' title='bbox 1222 1946 1304 1972; x_wconf 91' lang='lat' dir='ltr'>non</span> <span class='ocrx_word' id='word_1_270' title='bbox 1323 1933 1436 1971; x_wconf 90' lang='lat' dir='ltr'>nulli:</span> 
     </span>
     <span class='ocr_line' id='line_1_30' title="bbox 112 1998 1438 2047; baseline -0.002 -10"><span class='ocrx_word' id='word_1_271' title='bbox 112 2006 152 2038; x_wconf 90' lang='lat' dir='ltr'>at</span> <span class='ocrx_word' id='word_1_272' title='bbox 164 2000 283 2039; x_wconf 87' lang='lat' dir='ltr'>valuit</span> <span class='ocrx_word' id='word_1_273' title='bbox 297 2000 545 2047; x_wconf 88' lang='lat' dir='ltr'>adsiduitate,</span> <span class='ocrx_word' id='word_1_274' title='bbox 559 2000 681 2039; x_wconf 80' lang='lat' dir='ltr'>valuit</span> <span class='ocrx_word' id='word_1_275' title='bbox 700 2000 954 2039; x_wconf 85' lang='lat' dir='ltr'>observandis</span> <span class='ocrx_word' id='word_1_276' title='bbox 973 1999 1119 2045; x_wconf 88' lang='lat' dir='ltr'>amicis,</span> <span class='ocrx_word' id='word_1_277' title='bbox 1136 1998 1257 2037; x_wconf 81' lang='lat' dir='ltr'>valuit</span> <span class='ocrx_word' id='word_1_278' title='bbox 1275 1998 1438 2037; x_wconf 86' lang='lat' dir='ltr'>liberali-</span> 
     </span>
    </p>

    <p class='ocr_par' dir='ltr' id='par_1_8' title="bbox 65 2063 1436 2232">
     <span class='ocr_line' id='line_1_31' title="bbox 65 2063 1436 2115; baseline -0.001 -13"><span class='ocrx_word' id='word_1_279' title='bbox 65 2085 98 2109; x_wconf 78' lang='lat'>30</span> <span class='ocrx_word' id='word_1_280' title='bbox 113 2072 216 2103; x_wconf 88' lang='lat' dir='ltr'>tate:</span> <span class='ocrx_word' id='word_1_281' title='bbox 251 2065 323 2103; x_wconf 89' lang='lat' dir='ltr'>fuit</span> <span class='ocrx_word' id='word_1_282' title='bbox 350 2065 391 2103; x_wconf 89' lang='lat' dir='ltr'>in</span> <span class='ocrx_word' id='word_1_283' title='bbox 419 2065 553 2111; x_wconf 90' lang='lat' dir='ltr'>oculis,</span> <span class='ocrx_word' id='word_1_284' title='bbox 583 2064 730 2115; x_wconf 87' lang='lat' dir='ltr'>petivit,</span> <span class='ocrx_word' id='word_1_285' title='bbox 765 2078 811 2104; x_wconf 86' lang='lat' dir='ltr'>ea</span> <span class='ocrx_word' id='word_1_286' title='bbox 839 2072 898 2103; x_wconf 91' lang='lat' dir='ltr'>est</span> <span class='ocrx_word' id='word_1_287' title='bbox 924 2077 1016 2102; x_wconf 87' lang='lat' dir='ltr'>usus</span> <span class='ocrx_word' id='word_1_288' title='bbox 1044 2064 1194 2102; x_wconf 86' lang='lat' dir='ltr'>ratione</span> <span class='ocrx_word' id='word_1_289' title='bbox 1214 2063 1326 2108; x_wconf 85' lang='lat' dir='ltr'>vitae,</span> <span class='ocrx_word' id='word_1_290' title='bbox 1357 2075 1436 2111; x_wconf 83' lang='lat' dir='ltr'>qua</span> 
     </span>
     <span class='ocr_line' id='line_1_32' title="bbox 111 2127 1434 2180; baseline -0.001 -14"><span class='ocrx_word' id='word_1_291' title='bbox 111 2127 274 2166; x_wconf 86' lang='lat' dir='ltr'>minima</span> <span class='ocrx_word' id='word_1_292' title='bbox 297 2127 444 2168; x_wconf 86' lang='lat' dir='ltr'>invidia</span> <span class='ocrx_word' id='word_1_293' title='bbox 465 2129 558 2169; x_wconf 88' lang='lat' dir='ltr'>novi</span> <span class='ocrx_word' id='word_1_294' title='bbox 576 2128 756 2169; x_wconf 88' lang='lat' dir='ltr'>homines</span> <span class='ocrx_word' id='word_1_295' title='bbox 781 2128 937 2180; x_wconf 86' lang='lat' dir='ltr'>plurimi</span> <span class='ocrx_word' id='word_1_296' title='bbox 963 2136 1052 2167; x_wconf 86' lang='lat' dir='ltr'>sunt</span> <span class='ocrx_word' id='word_1_297' title='bbox 1079 2129 1241 2167; x_wconf 90' lang='lat' dir='ltr'>eosdem</span> <span class='ocrx_word' id='word_1_298' title='bbox 1266 2129 1434 2166; x_wconf 86' lang='lat' dir='ltr'>honores</span> 
     </span>
     <span class='ocr_line' id='line_1_33' title="bbox 111 2201 323 2232; baseline 0.005 -1"><span class='ocrx_word' id='word_1_299' title='bbox 111 2201 323 2232; x_wconf 81' lang='lat' dir='ltr'>consecun.</span> 
     </span>
    </p>
   </div>
  </div>
 </body>
</html>
