1626 2488
176 119 250 144 120
561 110 681 149 PRO
723 111 809 150 CN.
844 112 1108 152 PLANCIO
1233 112 1329 167 [xx
1356 115 1500 164 §49—

171 193 364 233 significatio
380 194 486 226 aliena
502 196 544 226 ab
560 196 622 227 hoe
639 197 712 228 loco
728 202 788 232 est,
805 197 838 228 in
855 208 920 238 quo
936 203 1071 239 apparet
1088 199 1150 230 hoc
1166 199 1286 230 debere
1303 199 1496 231 Ciceronem

171 236 290 275 dicere,
309 237 341 267 in
360 238 472 269 Planci
488 239 611 270 honore
628 244 697 270 tota
711 241 844 271 comitia
860 242 1027 281 superiora
1043 242 1182 272 faustum
1199 253 1295 274 omen
1313 243 1497 284 posteriori-

171 279 232 310 bus
247 280 387 311 comitiis
403 281 509 312 fuisse.
542 282 657 323 Itaque
674 293 739 313 non
756 283 872 314 dubito
888 285 966 324 quin
979 286 1206 325 praerogativa
1220 296 1278 326 pro
1294 286 1497 316 substantivo

171 321 358 354 habendum
380 324 432 359 sit,
454 330 562 365 atque,
584 331 618 356 ut
643 326 675 356 in
698 326 769 356 Cic.
792 337 843 366 ep.
868 328 909 357 ad
934 328 998 358 div.
1021 335 1071 358 xv
1093 337 1108 366 5
1127 329 1143 365 ξ
1164 338 1179 358 2
1203 329 1317 368 quodsi
1336 329 1500 369 triumphi

166 367 481 406 praerogativam
497 372 598 408 putas
620 369 885 408 supplicationem
909 376 939 400 et
963 370 1053 406 alibi,
1071 370 1241 401 faustum
1264 381 1375 402 omen
1398 371 1497 412 signi-

171 407 257 439 ficet.
303 410 405 440 Recte
421 415 529 441 autem
545 411 673 441 dativos
689 412 824 442 comitiis
843 423 877 443 se
893 411 1003 444 habet.
1050 413 1112 454 Cp.
1134 414 1221 444 Ovid
1239 415 1377 445 Metam.
1394 422 1418 445 V
1434 423 1498 454 550

171 451 281 482 dirum
298 453 533 483 mortalibus
548 465 639 484 omen
657 454 743 485 bubo.
792 463 836 485 w.

235 516 334 553 550,
351 518 374 546 1.
391 520 439 547 10.
487 519 524 547 id
545 519 1005 556 facere—quod—fecerunt,
1030 518 1085 557 ut]
1115 519 1252 550 observe
1275 520 1345 551 that
1368 520 1424 551 the
1446 524 1497 550 ut-

170 558 277 590 clause
294 559 320 590 is
343 560 420 590 here
435 560 468 590 in
484 561 671 601 apposition
687 565 722 591 to
745 561 800 591 the
816 572 975 602 pronoun,
995 562 1101 592 which
1126 562 1150 593 it
1171 573 1278 594 serves
1299 568 1333 594 to
1356 563 1496 604 expand‚

170 601 315 643 (lefining
341 603 429 633 what
454 603 480 633 is
508 608 617 634 meant
644 614 734 634 more
758 605 928 644 precisely.
975 604 1027 636 Cf.
1052 604 1102 640 §8
1125 605 1146 635 l.
1166 616 1193 645 3,
1220 607 1237 643 ἓ
1258 605 1331 636 161.
1354 617 1403 642 11,
1423 608 1439 644 ξ
1458 614 1495 644 72

170 644 192 674 1.
211 646 239 682 8,
263 648 279 683 ς’
300 654 337 685 75
355 646 377 676 1.
400 656 446 687 19,
468 646 578 676 Kenn.
597 647 654 676 Gr.
673 657 704 686 p.
726 657 797 686 440.

233 709 258 737 1.
275 711 322 738 12.
371 717 450 739 cum
475 710 591 739 minus
613 711 807 739 valuissent
833 711 1011 746 suffragiis
1035 718 1141 746 quam
1166 711 1365 750 putassent]
1393 711 1497 742 ‘since

171 750 246 790 they
260 761 344 782 were
357 760 414 782 not
431 762 467 782 so
483 757 596 792 strong
612 752 644 782 in
662 758 753 782 votes
769 763 804 782 as
820 752 897 792 they
908 753 972 782 had
989 752 1172 793 expected‚’
1188 756 1203 791 ἓ
1221 765 1260 796 49
1278 754 1296 785 l.
1317 765 1345 785 2.

233 816 256 844 1.
277 817 324 845 13.
373 817 522 851 prolatis
552 816 715 854 comitiis]
759 816 823 856 ‘by
850 827 891 847 an
922 816 1153 856 adjournment
1184 817 1222 847 of
1244 818 1299 848 the
1328 816 1496 858 meeting‚’

169 856 272 887 either
288 857 332 897 by
347 858 549 888 obnuntiatio
570 869 606 888 or
622 859 759 889 because
779 859 816 889 of
834 870 853 889 a
869 870 942 890 case
958 859 995 889 of
1010 861 1139 889 morbus
1154 861 1335 898 comitialis,
1355 861 1498 900 Ramsay

169 900 210 930 R.
230 901 272 930 A.
294 910 327 940 p.
348 910 360 930 1
371 911 416 940 14.
445 901 497 931 Cf.
512 902 616 931 Plaut.
630 902 725 942 Capt.
747 910 757 932 1
777 912 814 933 10
830 902 1075 943 nbiprolatae
1089 914 1139 934 νας
1153 908 1243 939 sunt,
1258 907 1264 919 ‘
1280 904 1375 934 when
1387 903 1497 945 public

169 942 316 974 business
333 943 358 974 is
374 949 432 984 put
449 943 517 974 off.’

232 1009 255 1038 1.
276 1010 324 1038 15.
373 1010 418 1038 ad.
433 1011 470 1039 te
485 1017 695 1040 conversura
709 1009 830 1048 fuerit]
859 1009 985 1040 ‘would
1005 1010 1088 1041 have
1111 1020 1203 1041 come
1227 1011 1333 1041 round
1355 1015 1389 1042 to
1408 1009 1498 1051 you,’

169 1049 280 1081 Kenn.
302 1050 358 1081 Gr.
380 1061 413 1091 p.
430 1052 503 1091 485,
525 1051 555 1082 6.
602 1053 707 1083 Other
732 1053 896 1084 instances
919 1053 957 1083 of
975 1053 1029 1084 the
1042 1054 1173 1084 intrans.
1184 1064 1240 1084 use
1265 1054 1302 1084 of
1322 1058 1499 1084 convertere

168 1103 223 1135 are
236 1093 325 1124 Brut.
343 1095 358 1132 ἕ
376 1104 430 1132 141
450 1094 506 1125 lzoc
520 1095 641 1125 vilium
657 1096 734 1126 huic
749 1097 813 1126 ztm'
827 1096 862 1126 in
880 1096 996 1126 bonnm
1012 1097 1266 1132 convertebat,
1285 1097 1407 1128 Sallust
1423 1097 1498 1127 Cat.

169 1143 208 1165 VI
229 1143 244 1174 7
272 1136 329 1166 ulai
347 1137 471 1177 regium
492 1138 666 1178 imperium
690 1139 727 1168 in
753 1139 933 1179 superbiam
958 1139 1270 1180 domsuasionemque
1292 1141 1497 1176 convertit,

170 1178 266 1210 Lucr.
283 1187 307 1208 V
327 1190 406 1220 1422
424 1181 604 1221 disperiisse
615 1192 715 1222 neque
733 1182 769 1212 z'tz
776 1182 929 1223 sruclum
947 1187 1168 1213 convertere
1182 1183 1297 1223 quisse.

233 1252 424 1282 numquam
446 1247 953 1285 enim—nobffltas—supplex]
988 1248 1162 1288 exprobrat
1186 1247 1365 1278 identidem
1389 1257 1498 1288 super-

168 1286 268 1325 biam,
296 1289 384 1328 quod
409 1289 511 1320 nimia
534 1289 654 1321 fiducia
677 1290 859 1321 nobilitatis
884 1291 1080 1331 dedignatus
1103 1291 1143 1321 sit
1169 1291 1292 1331 populo
1315 1291 1499 1331 supplicare

169 1340 207 1361 ac
230 1336 404 1372 propterea
424 1342 491 1363 non
511 1333 733 1373 impetraverit
755 1334 967 1371 aedilitatem,
986 1344 1070 1375 quae
1090 1344 1109 1364 a
1132 1334 1266 1364 Plancio
1286 1333 1500 1364 verecundius

168 1380 267 1414 atque
283 1375 453 1406 demissius
469 1381 643 1417 peteretur.
690 1384 817 1407 SCHOL.
835 1384 918 1407 VAT-

232 1440 322 1471 1.16.
370 1441 512 1477 integra
526 1440 749 1479 praesertim]
794 1441 814 1471 i.
828 1451 858 1482 q.
887 1440 1122 1482 praesertim
1139 1440 1170 1471 si
1187 1440 1343 1481 integra
1359 1445 1472 1472 esset.

232 1503 256 1532 1.
276 1505 324 1533 17.
374 1505 521 1539 supplex
535 1505 723 1540 repudiata
744 1503 811 1541 est]
835 1503 893 1534 i.e.
911 1513 997 1534 cum
1017 1503 1272 1543 supplicaret,
1302 1513 1346 1535 or.
1364 1513 1396 1544 p.
1414 1504 1495 1535 Sest.

169 1545 185 1582 ἓ
203 1553 243 1584 54
254 1555 354 1585 gener
366 1557 386 1575 a
402 1547 529 1577 Pisonis
544 1547 684 1577 consulis
692 1547 829 1587 pedibus
843 1546 1011 1587 supplex
1026 1546 1222 1577 reicz'claatm:

170 1652 186 1686 S
230 1610 323 1682 (15.18.
370 1610 483 1646 pluris
512 1610 594 1649 mit]
634 1611 731 1651 Roby
762 1610 820 1641 Gr.
855 1618 882 1641 11
916 1610 1044 1652 presace
1071 1621 1104 1652 p.
1129 1610 1197 1641 lviii
1224 1610 1269 1648 ff„
1301 1611 1411 1641 Kenn.
1440 1611 1495 1641 Gr.

171 1681 176 1687 ,
212 1662 224 1682 1
253 1661 283 1691 9.

232 1717 257 1746 1.
274 1718 324 1747 20.
368 1718 514 1747 minoris
529 1716 681 1758 putaris]
698 1728 740 1749 sc.
763 1728 800 1748 es
811 1728 860 1749 se.

232 1782 258 1811 1.
275 1783 324 1811 21.
372 1782 534 1820 secundo]
567 1793 644 1822 very
661 1783 764 1823 rarely
787 1784 866 1814 used
895 1783 1031 1814 without
1057 1784 1120 1814 loco
1144 1783 1194 1814 for
1215 1786 1222 1800 ‘
1238 1783 1418 1824 secondly‚’
1446 1784 1498 1814 ‘in

169 1823 361 1907 {hlehscelcgid
378 1823 495 1865 place,'
511 1825 552 1855 cs.
566 1826 607 1856 de
619 1826 682 1866 leg.
701 1833 712 1856 1
731 1827 747 1864 ἓ
764 1834 815 1866 35.
863 1826 1091 1858 Hirschfelder
1103 1827 1185 1857 adds
1200 1827 1262 1858 loco
1277 1827 1416 1858 without
1433 1828 1496 1859 MS

233 1933 258 1962 1.
275 1934 323 1962 23.
350 1933 400 1962 eis
417 1932 577 1971 denique]
604 1932 687 1973 ‘just
703 1937 737 1964 to
753 1932 846 1964 those
856 1944 990 1974 persons
1003 1933 1114 1965 ’an
1128 1931 1251 1965 τούτοις
1273 1932 1319 1972 δὴ,
1339 1944 1393 1966 see
1408 1945 1439 1966 n.
1454 1945 1497 1966 on

172 1974 189 2011 ἕ
207 1986 225 2014 4
242 1974 263 2005 l.
285 1973 334 2012 26,
355 1975 420 2005 and
434 1975 474 2006 cf.
491 1986 542 2016 ep.
561 1976 602 2005 ad
620 1976 696 2006 sain.
713 1984 738 2006 x
758 1986 805 2013 10,
827 1985 838 2007 1
857 1977 885 2006 is
900 1978 986 2007 enim
1002 1977 1169 2017 denique
1184 1977 1281 2007 honos
1293 1978 1380 2008 milii
1393 1978 1501 2008 videri

168 2018 252 2054 solet,
273 2017 334 2058 qui
358 2028 423 2048 non
442 2023 576 2058 prepter
594 2023 678 2059 spem
692 2019 815 2059 futuri
835 2020 984 2060 bcmficit',
1014 2021 1070 2050 scd
1085 2025 1218 2060 propser
1237 2031 1357 2059 magna
1381 2022 1498 2051 merila

168 2060 268 2090 claris
284 2060 370 2091 viris
383 2061 534 2101 deferlur,
555 2072 601 2091 or.
620 2072 652 2102 p.
672 2061 804 2101 Quinct.
825 2064 841 2100 ἓ
864 2065 914 2103 38,
935 2064 998 2094 Ov.
1018 2063 1094 2094 Am.
1118 2071 1161 2093 111
1179 2076 1209 2101 4,
1231 2074 1247 2103 5
1272 2064 1302 2094 si
1324 2074 1389 2104 qua
1412 2068 1496 2094 metu

169 2103 291 2144 dempto
301 2108 386 2134 casta
398 2108 450 2141 est,
469 2115 508 2135 ea
524 2104 549 2134 d
551 2115 591 2135 en
600 2105 687 2145 ique
702 2109 786 2136 casta
802 2110 857 2137 est.

232 2168 257 2197 1.
274 2169 322 2197 24.
370 2167 567 2206 ambitioni]
600 2168 712 2199 multis
739 2168 826 2199 enim
857 2168 1076 2200 ambientibus
1101 2168 1206 2199 honos
1234 2170 1351 2202 datur:
1378 2169 1436 2202 sed
1451 2170 1498 2201 eis

170 2209 341 2241 iucundior
355 2219 425 2241 esse
441 2210 548 2249 debet,
568 2221 705 2251 quorum
721 2211 873 2252 dignitati
887 2212 993 2243 datur.
1040 2220 1119 2243 MAN
1130 2220 1238 2244 UTlUS
