1626 2488
133 110 181 147 26
469 110 531 148 M.
568 111 747 149 TVLLI
781 111 1107 151 CICERONIS
1249 109 1381 163 [XXV
1401 114 1449 150 62

129 202 327 245 praeterea
354 208 473 234 nemo
499 204 558 235 est
580 197 730 235 honore
759 195 909 246 dignus,
932 195 1119 246 quidnam
1146 203 1204 234 tot
1231 195 1388 246 optimis
1414 205 1454 237 et

129 258 381 298 ornatissimis
401 259 550 298 civibus
569 269 629 299 est
647 262 817 299 futurum
830 263 848 299 ?

61 320 110 357 63
207 323 346 360 XXVI
404 324 524 361 Iubes
547 323 748 361 Plancium
769 324 818 362 de
838 322 939 362 vitiis
961 323 1181 362 Laterensis
1202 323 1341 362 dicere.
1398 324 1455 363 ni-

128 387 183 424 hil
209 394 350 436 potest,
371 386 445 424 nisi
464 400 554 426 eum
573 387 688 425 nimis
714 388 753 425 in
781 401 820 426 se
844 388 1073 426 iracundum
1104 387 1294 441 [putabis]
1323 388 1450 428 fuisse.

127 450 233 489 idem
261 452 371 488 effers
394 453 644 489 Laterensem
671 452 862 489 laudibus.
934 451 1046 490 facile
1072 453 1197 502 patior
1222 451 1262 491 id
1283 461 1320 491 te
1340 467 1452 503 agere
1488 470 1503 494 5

128 514 259 552 multis
278 513 417 561 verbis,
441 516 548 563 quod
569 516 618 553 ad
638 514 825 553 iudicium
847 528 926 553 non
947 515 1147 565 pertineat,
1166 525 1204 554 et
1224 517 1264 554 id
1284 525 1321 555 te
1341 530 1453 555 accu-

128 585 280 615 santem
301 585 381 615 tam
402 578 468 615 diu
489 577 628 624 dicere,
651 579 758 628 quod
780 592 852 628 ego
873 580 1054 617 defensor
1073 579 1156 617 sine
1176 580 1347 629 periculo
1367 593 1455 630 pos-

129 641 202 679 sim
221 641 406 680 confiteri.
456 642 562 691 atqui
578 655 658 680 non
675 644 795 680 modo
815 644 1005 681 confiteor
1024 656 1175 680 summa
1188 644 1226 680 in
1244 645 1453 682 Laterense

127 716 356 747 ornamenta
375 721 471 754 esse,
494 709 563 746 sed
590 716 626 746 te
653 707 768 746 etiam
792 709 1046 757 reprehendo,
1068 710 1175 757 quod
1194 722 1240 746 ea
1260 722 1339 746 non
1363 722 1455 747 enu-

128 785 264 820 meras,
296 772 377 811 alia
400 774 595 822 quaedam
625 773 756 810 inania
784 781 823 811 et
851 773 950 812 levia
978 773 1184 822 conquiris.
1244 775 1452 812 Praeneste
1470 788 1501 805 10

127 837 265 875 secisse
297 838 420 876 ludos.
465 837 589 886 quid?
625 837 689 874 alii
718 844 943 886 quaestores
971 850 1104 874 nonne
1136 838 1340 876 fecerunt?
1380 839 1454 888 Cy-

125 900 447 940 renisliberalem
467 901 504 939 in
526 901 772 952 publicanos,
795 901 940 938 iustum
969 900 1008 938 in
1034 901 1161 939 socios
1181 901 1307 940 fuisse.
1365 902 1452 952 quis

127 967 273 1015 negat?
301 967 371 1004 sed
393 965 447 1004 ita
470 967 594 1003 multa
614 967 768 1003 Romae
793 972 988 1014 geruntur,
1009 973 1052 1003 ut
1069 965 1133 1002 vix
1158 979 1215 1012 ea,
1231 979 1330 1015 quae
1353 967 1453 1005 fiunt

60 1032 110 1070 64
126 1029 167 1067 in
185 1029 406 1079 provinciis,
424 1029 640 1067 audiantur.
684 1042 765 1066 non
780 1042 914 1067 vereor
933 1042 983 1066 ne
1003 1028 1098 1066 mihi
1115 1028 1271 1078 aliquid,
1290 1029 1450 1076 iudices,

126 1092 259 1132 videar
278 1095 475 1143 adrogare,
499 1093 530 1131 si
549 1094 600 1131 de
620 1100 830 1140 quaestura
848 1104 936 1130 mea
956 1091 1099 1130 dixero.
1149 1092 1326 1142 quamvis
1347 1093 1450 1132 enim
1470 1110 1500 1134 15

126 1157 192 1196 illa
219 1158 399 1206 floruerit,
430 1166 563 1196 tamen
592 1171 682 1196 eum
708 1171 772 1195 me
801 1165 939 1207 postea
965 1156 1082 1195 fuisse
1110 1155 1150 1195 in
1179 1157 1356 1196 maximis
1383 1157 1453 1196 1111-

125 1223 240 1273 periis
260 1224 432 1271 arbitror,
454 1232 497 1261 ut
522 1237 601 1261 non
626 1223 680 1261 ita
702 1224 867 1261 multum
895 1222 992 1260 mihi
1016 1221 1159 1272 gloriae
1183 1222 1231 1261 sit
1261 1236 1309 1261 ex
1338 1236 1453 1274 quae-

126 1296 252 1326 sturae
282 1289 399 1326 laude
429 1288 712 1337 repetendum:
749 1288 819 1325 sed
847 1294 979 1324 tamen
1009 1300 1090 1325 non
1117 1300 1253 1325 vereor
1282 1300 1332 1326 ne
1366 1287 1452 1338 quis

125 1353 269 1391 audeat
290 1353 419 1391 dicere
439 1352 554 1391 ullius
580 1352 620 1390 in
642 1351 772 1391 Sicilia
796 1359 1044 1401 quaesturam
1071 1360 1137 1390 aut
1163 1351 1364 1391 clariorem
1385 1361 1451 1392 aut

125 1417 331 1465 gratiorem
352 1416 479 1455 fuisse.
531 1430 622 1455 vere
641 1430 705 1454 me
725 1418 882 1455 hercule
902 1417 979 1454 hoc
999 1416 1147 1454 dicam:
1176 1416 1232 1454 sic
1251 1423 1335 1454 tum
1356 1416 1450 1454 exis·
1467 1433 1499 1449 20

126 1481 324 1529 timabam,
347 1482 442 1519 nihil
470 1481 650 1520 homines
670 1480 777 1519 aliud
798 1482 952 1519 Romae
972 1480 1045 1519 nisi
1066 1482 1115 1519 de
1135 1488 1343 1530 quaestura
1361 1494 1450 1520 mea

125 1545 243 1595 loqui.
312 1546 494 1584 frumenti
531 1545 571 1583 in
611 1559 763 1584 summa
801 1545 959 1583 caritate
996 1545 1210 1583 maximum
1243 1558 1449 1583 numerum

125 1609 323 1649 miseram:
352 1610 664 1659 negociatoribus
690 1609 824 1658 comis,
846 1609 1124 1648 mercatoribus
1149 1609 1280 1655 iustus,
1303 1609 1449 1647 manci-

124 1674 238 1723 pibus
257 1674 435 1721 liberalis,
458 1674 572 1712 sociis
593 1674 804 1720 abstinens,
826 1673 1007 1711 omnibus
1031 1687 1136 1711 eram
1157 1673 1261 1711 visus
1280 1673 1320 1710 in
1341 1673 1448 1711 omni

125 1738 254 1777 officio
287 1738 630 1788 diligentissimus3
669 1737 878 1787 excogitati
911 1737 1071 1786 quidam
1110 1745 1218 1775 erant
1255 1751 1278 1775 a
1310 1737 1447 1776 Siculis
1465 1755 1500 1781 ‘25

57 1803 293 1847 65honores
324 1803 363 1840 in
396 1816 460 1842 me
493 1802 678 1842 inauditi:
733 1802 864 1851 itaque
897 1802 972 1839 hac
1004 1815 1072 1851 spe
1105 1802 1362 1849 decedebam,
1404 1810 1447 1841 ut

124 1866 220 1904 mihi
248 1867 437 1916 populum
464 1868 691 1904 Romanum
719 1867 819 1903 ultro
848 1865 981 1902 omnia
1009 1865 1229 1902 delaturum
1257 1872 1445 1913 putarem.

124 1938 163 1968 at
183 1943 255 1980 ego
282 1944 371 1968 611111
398 1943 488 1968 casu
510 1929 647 1968 dicbus
671 1929 725 1967 eis
749 1929 895 1966 itineris
921 1928 1089 1967 faciendi
1115 1942 1231 1967 causa
1250 1930 1448 1968 decedens

125 2007 148 2033 e
174 1994 374 2044 provincia
393 1996 577 2032 Puteolos
606 1996 704 2032 forte
724 1994 929 2038 venissem,
951 2007 1041 2031 cum
1069 1994 1226 2043 plurimi
1252 2002 1290 2032 et
1318 1995 1447 2033 lautis-

125 2059 212 2097 simi
232 2059 272 2096 in
298 2060 353 2098 eis
373 2059 468 2098 locis
495 2060 621 2097 solent
649 2072 743 2105 esse,
765 2058 921 2097 concidi
945 2070 1083 2108 paene,
1104 2058 1263 2106 iudices,
1285 2072 1374 2097 cum
1400 2073 1447 2098 ex
1465 2074 1497 2097 30

126 2136 189 2161 me
210 2123 369 2172 quidam
395 2123 609 2173 quaesisset
636 2136 715 2172 quo
742 2124 805 2161 die
827 2125 956 2160 Roma
979 2123 1144 2162 exissem
1164 2131 1202 2161 et
1222 2137 1317 2161 num
1337 2124 1447 2174 quid-

126 2202 218 2227 nam
247 2195 349 2226 esset
380 2187 482 2225 novi.
551 2186 614 2224 6111
646 2199 735 2223 611111
768 2187 1069 2235 respondissem,
1105 2200 1169 2225 me
1197 2200 1219 2225 e
1246 2187 1447 2237 provincia

127 2252 335 2290 decedere:
368 2249 501 2288 ‘etiam
530 2262 594 2288 me
623 2249 798 2288 hercule'
818 2249 943 2299 inquit
965 2253 1024 2288 ‘ut
1052 2249 1202 2300 opinor,
1225 2264 1272 2290 ex
1291 2251 1445 2290 Africa.²
