1626 2488
217 98 291 135 224
604 86 726 124 PRO
768 86 854 124 CN.
885 86 1149 124 PLANCIO

257 182 360 203 annos
372 177 467 203 natus
483 171 519 203 C.
539 171 705 213 Papirium
723 171 908 204 Carbonem
925 183 990 204 cos.
1005 183 1032 204 a.
1050 183 1110 204 120
1125 172 1272 204 oratione
1287 172 1333 204 ita
1348 172 1485 214 peiculit
1500 177 1536 204 ut

257 225 327 266 ipse
341 225 404 256 sibi
420 235 535 255 manus
551 225 701 263 inferret3
728 225 851 256 amicus
875 226 923 256 M.
947 225 1033 256 Livii
1055 225 1164 263 Drusi,
1183 236 1281 267 quem
1304 236 1379 257 cum
1399 235 1429 256 a.
1445 234 1483 267 91
1502 225 1536 255 in

256 283 370 310 senatu
393 278 592 317 defenderet,
606 279 689 309 adeo
705 279 815 310 animo
834 285 941 310 motus
958 287 1005 310 est
1026 284 1062 310 ut
1079 279 1192 321 paucis
1213 280 1328 311 diebus
1343 284 1417 321 post
1432 289 1536 310 more-

256 337 344 364 retur
358 333 398 363 33
419 343 430 363 1
439 342 455 371 5

214 387 253 417 P.
278 387 428 418 Licinius
453 387 505 417 M.
520 386 555 427 f.
581 387 621 418 P.
644 397 678 417 n.
703 386 841 417 Crassus
866 387 969 418 Dives
994 387 1211 425 Lusitunicm,
1239 392 1331 429 pater
1355 387 1404 418 M.
1429 386 1537 419 Crassi

258 439 426 475 triumviri,
452 439 602 470 Ciceroni
621 439 776 480 aequalis,
798 449 863 470 cos.
887 449 917 470 a.
940 449 994 481 97,
1016 449 1055 470 ex
1081 440 1244 471 Lusitanis
1268 440 1481 482 triumphavit
1506 450 1536 470 a.

257 504 322 536 935
344 494 432 525 bello
446 494 589 525 Marsico
605 494 730 534 legatus
744 493 783 524 L.
802 493 888 524 Iulio
905 493 1037 524 Caesari
1053 504 1080 524 a.
1100 504 1161 536 90;
1184 505 1219 525 se
1235 494 1305 536 ipse
1321 494 1481 526 interfecit
1497 504 1538 525 ne

258 547 292 578 in
309 557 423 578 manus
442 546 663 577 Marianorum
682 546 849 582 incideret,
867 546 907 575 32
926 555 962 585 25

215 600 266 632 M.
287 601 434 631 Licinius
454 602 590 632 Crassus
607 601 645 631 P.
669 599 702 640 f.
727 600 828 631 Dives
852 600 1016 631 ‘triumvir
1029 599 1036 613 ’
1053 611 1083 631 a.
1101 602 1138 639 85
1163 601 1329 633 Marianos
1354 601 1481 642 fugiens
1505 601 1538 632 in

261 655 457 696 Hispaniam
488 664 522 685 se
545 653 703 692 contulit3
734 664 764 684 a.
793 654 833 692 83
859 653 970 685 Sullae
994 664 1028 684 se
1051 654 1217 692 adiunxit;
1248 665 1314 685 cos.
1339 665 1370 685 a.
1399 664 1439 694 70
1464 665 1538 685 cum

260 708 323 739 Cn.
348 707 526 748 Pompeio3
549 717 636 738 cens.
660 717 687 737 a.
713 706 775 747 65;
798 717 828 737 a.
846 705 886 743 63
913 707 1084 737 Murenam
1106 718 1178 738 cuni
1201 707 1357 738 Cicerone
1376 707 1538 743 defendit;

258 771 289 792 a.
321 760 361 801 56
396 760 521 791 tresviri
551 760 675 791 Lucam
701 765 943 799 convenerunt3
974 770 1005 790 a.
1030 770 1068 800 53
1101 770 1120 790 a
1145 760 1271 791 Parthis
1304 761 1392 802 apud
1424 761 1540 792 Carras

259 815 405 846 devictus
431 814 565 855 ipseque
588 814 686 855 paulo
710 820 783 855 post
812 813 985 855 perfidiose
1010 813 1196 846 interfectus
1221 819 1293 854 est;
1325 820 1438 846 auctor
1460 814 1541 855 legis

260 869 406 899 Liciniae
419 868 459 899 de
475 868 639 899 sodaliciis
655 868 696 899 49
710 878 751 908 30

221 924 255 954 C.
274 923 425 954 Licinius
439 923 596 960 Sacerdos,
612 933 672 965 pro
685 928 833 963 praetore
847 922 978 954 Siciliae
989 927 1065 954 ante
1077 923 1225 962 Verrem,
1244 923 1439 964 competitor
1449 923 1542 955 Cice-

261 977 348 1008 ronis
369 977 403 1008 in
428 977 609 1012 consulatu,
642 977 682 1017 Q.
716 976 854 1008 Metello
881 976 1012 1008 Cretico
1042 977 1075 1008 in
1108 978 1207 1009 Creta
1234 977 1359 1018 legatus
1385 977 1476 1009 sortis
1510 984 1542 1009 et

261 1035 412 1061 constans
428 1040 457 1061 a.
475 1028 526 1068 68,
547 1029 598 1070 67,
615 1030 656 1062 27
677 1040 718 1070 30

218 1084 268 1114 M.
287 1085 403 1114 Livius
415 1084 550 1115 Drusus
572 1084 647 1115 trib.
673 1084 719 1125 pl.
741 1094 771 1114 a.
797 1094 849 1126 91,
869 1085 919 1115 M.
942 1084 1078 1116 Catonis
1101 1084 1267 1116 Uticensis
1288 1084 1476 1123 avunculus,
1494 1085 1544 1116 vir

260 1138 368 1179 gravis
395 1138 514 1169 Gaium
543 1137 727 1169 Gracchum
752 1137 869 1168 iterum
895 1138 1061 1169 tribunum
1083 1138 1190 1179 fregit,
1216 1139 1321 1179 legem
1346 1138 1479 1170 Liviam
1503 1138 1544 1170 de

261 1191 392 1222 civitate
404 1191 499 1222 sociis
512 1191 621 1222 danda
637 1191 710 1222 tulit
724 1202 733 1229 ;
755 1191 859 1223 facete
872 1192 1126 1233 perstringitura
1140 1192 1272 1231 Granio,
1292 1193 1332 1222 33
1353 1203 1390 1234 13

219 1246 354 1276 Lutatz‘a
370 1256 449 1286 gens
467 1246 506 1275 12
525 1255 563 1286 ²9

224 1300 252 1338 Q
267 1298 422 1346 Lutatius
441 1299 519 1340 Q.f.
537 1299 676 1330 Catulus
689 1297 805 1341 (pater)
823 1310 910 1331 cons.
930 1310 960 1331 a.
982 1310 1051 1337 102,
1068 1306 1116 1331 ter
1132 1306 1227 1332 antea
1239 1301 1396 1342 repulsus,
1412 1310 1487 1332 cum
1504 1299 1541 1331 C.

265 1351 374 1383 Mario
397 1352 551 1383 Cimbros
572 1352 649 1383 vicit
673 1352 706 1383 in
727 1353 852 1394 campis
881 1353 1017 1384 Raudiis
1042 1363 1070 1384 a.
1106 1363 1178 1389 101,
1203 1359 1316 1395 postea
1331 1365 1359 1385 a.
1382 1354 1419 1386 C.
1439 1354 1545 1385 Mario

264 1412 396 1437 coactus
419 1411 467 1438 est
485 1412 520 1437 ut
544 1406 610 1437 vita
625 1417 659 1438 se
674 1406 744 1448 ipse
756 1407 896 1448 privaret
912 1418 941 1438 a.
959 1408 1011 1446 87,
1030 1407 1069 1436 12
1086 1417 1127 1448 29

865 1537 900 1567 M

223 1617 425 1654 Mzcedom‘a,
442 1616 609 1659 provincia
622 1617 774 1648 Romana
789 1617 1040 1659 proconsularis,
1058 1617 1230 1648 Graeciam
1254 1616 1330 1648 inde
1350 1618 1392 1648 ab
1414 1617 1549 1659 Illyride

265 1671 308 1702 ad
324 1671 486 1701 Achaiam
502 1670 681 1708 continens,
702 1670 735 1701 in
750 1681 789 1702 ea
808 1671 883 1702 trib.
906 1671 974 1701 mil.
1000 1670 1060 1701 suit
1083 1671 1242 1706 Plancius,
1260 1676 1375 1712 postea
1397 1677 1550 1712 quaestor

265 1725 308 1755 28
325 1733 375 1762 32,
394 1735 434 1755 eo
450 1724 590 1765 perrexit
616 1724 686 1755 Cic.
714 1723 806 1755 exsul
828 1723 869 1754 98
886 1725 914 1762 8,
934 1728 1064 1764 praetor
1080 1729 1149 1754 erat
1165 1723 1203 1754 L.
1231 1723 1414 1764 Appuleius
1438 1724 1549 1755 Satur-

267 1780 363 1812 ninus
378 1780 418 1811 99
437 1789 474 1809 22

225 1836 351 1867 Ataecz'a
368 1834 494 1876 (tribus)
512 1845 614 1876 prope
631 1835 815 1866 Lanuvium
836 1835 878 1865 38
895 1843 914 1875 9

230 1892 357 1922 Gnaeus
371 1890 524 1921 Manlius
538 1890 712 1920 filaximus
732 1900 798 1921 cos.
820 1900 851 1920 a.
872 1899 941 1929 105,
962 1889 996 1920 in
1017 1889 1187 1920 consulatu
1212 1889 1355 1931 petendo
1372 1889 1413 1930 Q.
1432 1889 1551 1922 Catulo

268 1945 482 1987 praepositus,
500 1954 519 1975 a
536 1944 678 1975 Cimbris
691 1945 724 1975 in
741 1944 850 1976 Gallia
865 1944 967 1975 victus
983 1949 1031 1975 est
1049 1944 1088 1973 12
1106 1954 1145 1984 33

226 2000 272 2029 A.
290 1997 444 2028 Manlius
460 1998 652 2038 Torquatus,
670 2008 730 2038 pro
746 2003 895 2038 praetore
908 1997 1054 2028 Africam
1071 1996 1272 2038 provinciam
1289 1998 1429 2029 obtinuit
1445 2009 1475 2029 a.
1495 1999 1552 2039 783

270 2061 345 2081 cum
360 2060 399 2080 eo
409 2049 572 2090 stipendia
587 2049 662 2080 fecit
680 2050 740 2081 Cn.
763 2050 923 2086 Plancius,
942 2049 980 2080 27
1001 2050 1039 2080 18

230 2107 327 2138 Titus
344 2106 498 2137 Manlius
525 2106 710 2146 Torquatus
732 2105 773 2136 T.
799 2105 820 2136 f.
845 2104 942 2135 frater
963 2104 1119 2146 patruelis
1145 2108 1177 2135 et
1198 2113 1290 2134 socer
1310 2103 1350 2135 A.
1381 2103 1550 2146 Torquati,

272 2158 416 2190 Molonis
431 2157 608 2199 discipulus
623 2157 700 2189 satis
716 2158 758 2188 ad
773 2157 947 2189 dicendum
963 2157 1132 2198 expeditus
1148 2157 1188 2188 27
1205 2166 1245 2197 ²3

230 2213 407 2246 Marcellus
419 2222 431 2244 .·
457 2223 487 2244 v.
499 2222 522 2244 s.
546 2213 573 2244 C
573 2213 702 2243 lamlins
