1593 2488
129 88 228 125 XVI
249 85 317 139 38]
399 87 520 126 PRO
561 87 647 126 CN,
678 88 944 126 PLANCIO
985 88 1209 128 ORATIO
1404 100 1450 140 15

126 172 234 219 dixit,
266 186 330 211 me
359 171 400 211 id
433 171 574 211 dixisse
605 171 739 212 dicunt
749 188 760 222 3
796 186 870 223 ego
900 182 1030 213 autem
1062 174 1094 212 si
1125 174 1221 224 quid
1254 181 1314 214 est
1345 176 1451 224 quod

126 235 221 274 mihi
245 236 384 274 scitum
410 249 495 275 esse
520 236 696 275 videatur
715 245 753 275 et
772 237 933 275 homine
954 236 1124 286 ingenuo
1151 237 1314 286 dignum
1333 245 1452 287 atque

125 302 257 348 docto,
277 313 358 338 non
376 313 577 349 aspernor:
605 301 838 346 stomachor,
860 314 950 338 cum
966 301 1129 339 aliorum
1149 314 1230 339 non
1251 314 1314 340 me
1334 302 1453 351 digna

122 364 163 402 in
191 377 255 403 me
284 366 544 403 conferuntur.
601 377 693 402 nam
713 365 822 413 quod
842 364 990 414 primus
1010 364 1121 402 scivit
1140 365 1267 414 legem
1287 366 1337 404 de
1356 367 1453 415 pub-

88 449 104 472 5
122 429 256 467 licanis
287 437 382 476 tum,
412 442 503 467 curn
532 427 589 467 vir
618 429 881 479 amplissimus
911 430 1049 467 consul
1077 428 1118 467 id
1147 428 1200 467 illi
1229 429 1356 468 ordini
1383 443 1453 480 per

121 495 314 543 populum
342 494 463 540 dedit,
488 494 597 543 quod
625 507 694 543 per
727 502 906 532 senatum
935 493 967 532 si
994 493 1165 532 licuisset
1203 494 1388 541 dedisset,
1419 495 1451 534 si

120 557 160 596 in
181 571 228 597 eo
248 557 394 596 crimen
411 566 479 605 est,
494 557 585 607 quia
605 558 828 608 suffragium
845 558 943 605 tulit,
961 558 1048 608 quis
1068 571 1150 597 non
1170 558 1256 597 tulit
1275 559 1450 608 publica-

120 623 217 660 nus?
245 621 288 669 si,
309 621 401 671 quia
419 622 565 671 primus
592 620 713 670 scivit,
736 629 865 659 utrum
894 622 934 659 id
962 621 1074 660 sortis
1100 635 1185 660 esse
1205 622 1262 660 vis
1282 635 1333 660 an
1353 621 1447 670 eius,

120 686 187 735 qui
206 686 313 724 illam
328 687 454 737 legem
471 687 642 725 ferebat?
670 686 702 724 si
722 686 846 732 sortis,
861 688 1012 724 nullum
1032 686 1180 724 crimen
1200 694 1259 724 est
1278 685 1318 725 in
1337 699 1450 725 casu:

71 773 102 790 10
120 751 150 789 si
170 751 352 800 consulis,
374 753 559 801 splendor
585 751 702 789 etiam
724 750 872 789 Plancii
897 752 1002 789 hunc
1021 764 1044 789 a
1064 763 1217 790 summo
1242 751 1326 790 viro
1347 751 1448 802 prin-

118 814 246 865 cipem
267 829 352 854 esse
371 816 518 854 ordinis
538 815 762 855 iudicatum.

198 880 274 917 XV
331 880 410 918 Sed
438 880 650 928 aliquando
679 879 881 918 veniamus
909 880 960 918 ad
993 892 1170 918 causam:
1226 878 1268 918 in
1296 892 1374 929 qua
1403 888 1445 919 tu
1465 886 1515 924 36

117 944 277 984 nomine
296 944 392 994 legis
412 944 597 991 Liciniae,
619 957 719 993 quae
740 952 797 982 est
817 945 868 982 de
893 944 1101 990 sodaliciis,
1123 944 1250 983 omnis
1275 944 1446 984 ambitus

116 1011 222 1059 leges
241 1010 469 1058 complexus
490 1021 542 1046 es.
599 1021 728 1058 neque
748 1008 853 1046 enim
869 1009 1079 1058 quicquam
1099 1009 1203 1047 aliud
1220 1009 1259 1046 in
1271 1010 1345 1048 hac
1359 1011 1444 1060 lege

69 1091 98 1115 ις
118 1072 190 1110 nisi
219 1071 396 1110 editicios
425 1071 573 1109 iudices
602 1084 644 1109 es
673 1080 847 1118 secutus3
876 1073 984 1120 quod
1009 1085 1132 1121 genus
1161 1072 1391 1111 iudiciorum
1412 1074 1444 1112 si

116 1144 175 1174 est
194 1148 362 1184 aequum
381 1136 459 1173 ulla
474 1136 514 1173 in
534 1134 660 1173 renisi
680 1134 718 1172 in
735 1136 808 1172 hac
823 1135 1016 1182 tribuaria,
1034 1149 1112 1174 non
1127 1136 1310 1185 intellego
1324 1150 1443 1185 quam

115 1200 168 1237 ob
196 1212 278 1237 rem
307 1207 463 1237 senatus
493 1199 569 1237 hoc
597 1212 678 1236 uno
707 1198 747 1236 in
784 1211 925 1247 genere
954 1199 1076 1237 tribus
1106 1199 1170 1238 edi
1198 1200 1363 1238 voluerit
1391 1201 1441 1239 ab

114 1271 340 1302 accusatore
370 1277 499 1313 neque
531 1265 697 1302 eandem
724 1263 937 1302 editionem
964 1264 1202 1302 transtulerit
1228 1263 1269 1301 in
1294 1272 1440 1304 ceteras

113 1341 261 1376 causas,
295 1328 346 1366 de
377 1327 464 1377 ipso
497 1328 667 1376 denique
699 1328 851 1366 ambitu
882 1327 1133 1366 reiectionem
1164 1329 1246 1366 fieri
1276 1329 1441 1368 voluerit

62 1412 94 1428 20
112 1393 285 1432 iudicum
305 1394 553 1439 alternorum,
576 1405 744 1442 cumque
770 1393 921 1430 nullum
944 1405 1068 1441 genus
1093 1392 1314 1431 acerbitatis
1333 1406 1441 1442 prae-

111 1457 350 1503 termitteret,
372 1457 449 1495 hoc
471 1464 602 1495 tamen
628 1470 749 1494 unum
772 1458 1101 1506 praetereundum
1124 1457 1280 1506 putarit.
1320 1457 1438 1507 quid?
1457 1459 1508 1497 3?

110 1521 272 1560 huiusce
299 1521 355 1559 rei
391 1521 553 1559 tandem
582 1521 749 1558 obscura
777 1534 895 1558 causa
923 1529 992 1567 est,
1022 1534 1073 1558 an
1102 1528 1141 1559 et
1169 1520 1313 1570 agitata
1340 1530 1436 1568 tum,

109 1599 197 1625 cum
226 1586 299 1625 ista
327 1587 367 1624 in
396 1595 534 1625 senatu
562 1600 622 1625 res
651 1588 849 1636 agebatur,
872 1594 911 1625 et
939 1587 1136 1636 disputata
1163 1587 1345 1626 hesterno
1374 1588 1437 1626 die

108 1650 378 1700 copiosissime
397 1663 421 1688 a
441 1651 488 1699 Q.
513 1650 744 1697 Hortensio,
766 1650 828 1688 cui
855 1657 938 1688 tum
959 1658 1017 1688 est
1039 1658 1197 1688 senatus
1223 1651 1438 1689 adsensus?

58 1730 89 1754 23
107 1717 185 1755 hoc
211 1716 327 1766 igitur
354 1715 563 1754 sensimus:
592 1716 873 1764 cuiuscumque
900 1714 1023 1753 tribus
1051 1714 1209 1765 largitor
1237 1724 1338 1754 esset
1366 1729 1437 1765 per

105 1780 209 1818 hanc
227 1779 539 1827 consensionem,
561 1792 661 1829 quae
687 1779 808 1829 magis
833 1780 1000 1817 honeste
1029 1792 1147 1829 quam
1174 1792 1265 1817 vere
1294 1780 1435 1818 sodali-

105 1851 163 1882 tas
190 1844 468 1893 nominaretur,
491 1857 608 1893 quam
638 1844 803 1893 quisque
830 1843 974 1882 tribum
998 1843 1100 1892 turpi
1122 1843 1325 1893 largitione
1354 1857 1434 1883 cor-

103 1917 309 1958 rumperet,
325 1922 415 1948 eum
434 1909 604 1947 maxime
625 1910 680 1947 eis
699 1907 936 1954 hominibus,
958 1907 1025 1957 qui
1044 1908 1126 1946 eius
1145 1907 1267 1946 tribus
1287 1917 1427 1956 essent,

104 1984 189 2010 esse
216 1981 372 2011 notum:
400 1973 455 2011 ita
481 1973 632 2022 putavit
661 1979 831 2018 senatus,
859 1984 950 2009 cum
977 1984 1046 2010 reo
1074 1971 1196 2010 tribus
1225 1973 1432 2010 ederentur

54 2048 87 2072 20
105 2048 184 2085 eae,
206 2050 302 2086 quas
321 2037 353 2076 is
372 2037 576 2087 largitione
605 2037 806 2076 devinctas
831 2037 1004 2083 haberet,
1026 2037 1190 2075 eosdem
1214 2038 1295 2075 fore
1322 2037 1430 2075 testis

105 2106 143 2137 et
161 2099 321 2139 iudices.
369 2103 553 2140 acerbum
575 2101 736 2140 omnino
754 2099 877 2151 genus
896 2100 1041 2146 iudicii,
1063 2101 1132 2139 sed
1152 2108 1296 2148 tamen,
1318 2099 1349 2139 si
1368 2102 1430 2139 vel

104 2173 175 2199 sua
191 2164 252 2201 vel
271 2176 328 2211 ea,
349 2177 451 2214 quae
470 2164 639 2203 maxime
659 2172 760 2203 esset
786 2163 928 2214 cuique
955 2163 1176 2211 coniuncta,
1197 2163 1320 2202 tribus
1340 2165 1430 2202 ede-

102 2231 217 2272 retur,
245 2225 310 2264 vix
337 2227 606 2267 recusandum.
668 2229 771 2267 XVI
818 2234 861 2266 tu
889 2234 1032 2277 autem,
1064 2227 1300 2275 Laterensis,
1330 2239 1426 2277 quas
1445 2232 1495 2270 38
