1593 2488
105 104 166 142 1x
186 100 252 156 23]
361 102 481 141 PRO
523 102 609 140 CN.
639 102 905 141 PLANCIO
946 102 1168 141 ORATIO
1405 116 1427 152 9

103 190 211 231 omni
229 190 370 229 virtute
389 188 575 240 principe,
598 202 692 227 num
712 190 763 227 de
783 188 842 227 Ti.
859 189 1109 228 Coruncanio
1129 189 1326 240 municipe
1346 204 1427 238 suo,

102 268 197 294 num
218 255 267 294 de
287 261 345 293 tot
360 253 506 292 Fulviis
526 253 703 303 gloriari?
729 254 892 291 verbum
912 266 1031 291 nemo
1048 253 1149 291 facit.
1189 261 1228 291 at
1244 253 1282 290 in
1300 268 1430 303 quem-

103 331 271 367 cumque
292 317 522 367 Arpinatem
549 316 743 363 incideris,
773 316 890 353 etiam
918 316 949 354 si
975 316 1086 364 nolis,
1110 316 1181 354 erit
1206 323 1338 354 tamen
1361 318 1430 356 tibi

101 384 263 421 fortasse
292 382 410 420 etiam
438 382 487 420 de
516 381 631 419 nobis
655 380 816 430 aliquid,
839 382 909 419 sed
938 389 1043 420 certe
1072 382 1121 420 de
1143 383 1187 420 C.
1212 382 1339 420 Mario
1368 395 1433 420 au-

70 466 84 490 5
103 445 302 484 diendum.
351 445 520 494 primum
541 444 655 494 igitur
674 445 738 482 hic
758 445 894 482 habuit
915 445 1044 482 studia
1066 458 1225 482 suorum
1241 444 1430 493 ardentia,

101 518 144 549 tu
170 517 290 557 tanta,
314 517 460 560 quanta
485 508 527 546 in
546 509 773 547 hominibus
802 509 879 547 iarn
909 509 1088 547 saturatis
1108 508 1325 554 honoribus,
1347 522 1432 548 esse

101 582 321 626 potuerunt.
390 574 535 613 deinde
565 574 622 612 tui
650 573 868 623 municipes
903 582 992 612 sunt
1023 574 1076 611 illi
1109 574 1270 622 quidem
1307 575 1432 623 splen·
1451 578 1499 614 21

101 639 295 679 didissimi
313 639 507 686 homineS,
530 640 600 678 sed
620 646 753 677 tamen
773 638 900 688 pauci,
923 639 954 677 si
976 638 1137 688 quidem
1157 651 1249 676 cum
1268 638 1434 676 Atinati-

99 705 173 743 bus
193 706 464 743 conferantur:
485 704 599 742 huius
620 705 863 753 praefectura
882 705 1001 753 plena
1018 703 1187 742 virorum
1207 703 1433 742 fortissimo·
1482 739 1487 745 ,

53 787 84 804 10
101 781 186 806 rum
206 776 275 817 est,
293 769 349 806 sic
368 776 410 806 ut
431 770 538 806 nulla
557 775 641 806 tota
661 767 776 806 Italia
794 767 1034 816 frequentior
1053 766 1129 804 dici
1150 766 1291 816 possit3
1312 778 1431 814 quarn

101 833 261 883 quidem
290 846 396 871 nunc
424 832 717 870 multitudinem
745 831 897 878 videtis,
928 831 1089 878 iudices,
1115 831 1156 869 in
1185 832 1364 880 squalore
1394 839 1432 870 et

101 900 209 937 luctu
237 899 454 948 supplicem
483 898 606 937 vobis.
664 897 704 935 hi
732 904 791 935 tot
820 897 971 946 equites
993 896 1177 944 Romani,
1200 904 1259 935 tot
1287 897 1432 935 tribuni

101 964 382 1003 aerarii—nam
410 964 566 1014 plebem
592 977 616 1002 a
641 963 788 1002 iudicio
815 963 1045 1010 dimisimus,
1068 975 1169 1012 quae
1198 969 1342 1000 cuncta
1369 975 1433 1000 co-

102 1029 220 1067 mitiis
245 1029 432 1077 adfuit—,
456 1028 552 1078 quid
582 1028 741 1076 roboris,
765 1027 860 1076 quid
885 1027 1083 1077 dignitatis
1111 1026 1224 1064 huius
1250 1026 1432 1076 petitioni

55 1114 85 1137 15
103 1094 344 1131 attulerunt?
386 1106 466 1131 non
489 1092 593 1130 enirn
614 1091 759 1129 tribum
779 1091 1017 1138 Teretinam,
1036 1092 1086 1129 de
1107 1103 1184 1140 qua
1203 1090 1332 1128 dicam
1353 1090 1430 1129 alio

102 1157 203 1202 loco,
226 1158 296 1195 sed
325 1156 565 1207 dignitatem,
589 1156 657 1194 sed
681 1157 884 1194 oculorum
912 1155 1146 1203 coniectum,
1168 1156 1239 1193 sed
1264 1154 1431 1193 solidam

102 1227 141 1258 et
169 1221 371 1258 robustam
394 1228 434 1258 et
459 1220 664 1258 adsiduam
690 1220 947 1269 frequentiam
979 1221 1260 1269 praebuerunt:
1299 1227 1432 1257 nostra

101 1284 314 1333 municipia
333 1284 611 1323 coniunctione
639 1284 755 1322 etiam
776 1283 985 1321 vicinitatis
1004 1284 1256 1321 vehementer
1275 1291 1432 1320 moven-

101 1355 171 1386 tur.
231 1350 292 1387 IX
332 1349 477 1396 onmia,
510 1362 610 1398 quae
644 1348 734 1386 dico
768 1349 818 1386 de
849 1347 1022 1394 Plancio,
1053 1347 1144 1385 dico
1175 1354 1353 1395 expertus
1390 1345 1430 1383 in
1451 1346 1500 1382 22

50 1434 83 1451 20
101 1413 239 1462 nobis;
272 1427 406 1452 sumus
444 1412 549 1452 enim
582 1412 735 1450 finitimi
763 1411 998 1450 Atinatibus.
1057 1411 1256 1449 laudanda
1284 1418 1341 1448 est
1369 1412 1432 1449 vel

101 1478 219 1517 etiam
244 1480 415 1517 amanda
433 1478 622 1524 vicinitas,
650 1477 821 1516 retinens
847 1485 1020 1515 veterem
1043 1476 1151 1514 illam
1175 1476 1292 1514 officii
1318 1476 1431 1514 ratio-

99 1557 202 1589 nem,
219 1557 300 1582 non
316 1543 505 1581 infuscata
520 1542 807 1588 malevolentia,
823 1555 903 1579 non
925 1543 1088 1580 adsueta
1107 1540 1334 1588 mendaciis,
1350 1554 1431 1579 non

98 1610 243 1655 fucosa,
265 1621 346 1646 non
366 1609 491 1656 fallax,
516 1621 597 1645 non
619 1607 770 1645 erudita
798 1606 959 1645 artificio
987 1605 1243 1645 simulationis
1262 1607 1324 1644 vel
1344 1606 1431 1644 sub-

99 1675 248 1712 urbano
267 1673 330 1712 vel
358 1672 476 1710 etiam
504 1674 664 1711 urbano.
723 1684 842 1709 nemo
863 1671 1030 1720 Arpinas
1060 1684 1141 1710 non
1162 1669 1324 1708 Plancio
1353 1677 1430 1707 stu-

51 1759 82 1782 25
100 1738 194 1786 duit,
216 1750 334 1776 nemo
358 1739 538 1784 Soranus,
560 1750 678 1775 nemo
700 1737 876 1783 Casinas,
898 1750 1016 1775 nemo
1036 1735 1223 1786 Aquinas.
1283 1743 1429 1775 tractus

99 1801 163 1840 ille
191 1801 477 1848 celeberrimus,
497 1801 756 1847 Venafranus,
778 1801 980 1846 Allifanus,
1003 1807 1086 1838 tota
1105 1799 1277 1849 denique
1298 1807 1430 1838 nostra

99 1863 164 1901 illa
188 1875 326 1912 aspera
353 1869 392 1901 et
418 1870 628 1900 montuosa
656 1869 695 1900 et
721 1861 847 1900 fidelis
874 1870 912 1900 et
938 1861 1105 1911 simplex
1124 1869 1162 1900 et
1182 1862 1319 1900 fautrix
1345 1875 1430 1900 suo-

99 1941 184 1966 rum
212 1926 318 1977 regio
348 1940 388 1965 se
417 1926 531 1964 huius
559 1927 708 1964 honore
737 1926 877 1973 ornari,
899 1938 940 1964 se
968 1925 1099 1975 augeri
1125 1926 1313 1974 dignitate
1333 1926 1430 1963 arbi-

99 1992 280 2030 trabatur.
321 1990 526 2040 isdemque
553 2003 658 2028 nune
681 2003 729 2028 ex
757 1989 979 2039 municipiis
1007 1990 1150 2027 adsunt
1178 1990 1329 2039 equites
1350 1992 1429 2028 Ro-

48 2077 82 2102 30
100 2055 205 2093 mani
224 2054 380 2105 publice
401 2068 489 2092 cum
515 2055 710 2104 legatione
737 2062 775 2093 et
802 2054 1041 2100 testimonio,
1063 2068 1136 2093 nec
1152 2054 1303 2093 minore
1322 2068 1428 2093 nune

99 2128 190 2158 sunt
218 2120 479 2158 sollicitudine
508 2133 627 2169 quam
656 2128 740 2158 tum
769 2128 878 2159 erant
908 2120 1060 2158 studio:
1091 2120 1236 2159 etenim
1265 2128 1324 2158 est
1347 2134 1429 2170 gra·

98 2184 183 2222 vius
213 2183 369 2233 spoliari
396 2185 560 2222 fortunis
590 2197 709 2233 quam
737 2197 818 2222 non
847 2183 980 2233 augeri
1009 2183 1211 2233 dignitate.
1268 2197 1359 2234 ergo
1385 2191 1426 2222 ut
1447 2186 1497 2223 23

99 2247 174 2285 alia
201 2247 242 2285 in
273 2254 312 2286 te
343 2255 451 2287 erant
488 2247 719 2296 inlustriora,
758 2247 1002 2296 Laterensis,
1025 2260 1127 2297 quae
1157 2246 1227 2286 tibi
1259 2247 1425 2286 maiores
