1626 2488
227 95 300 132 228
458 95 578 134 PRO
620 95 705 134 CN.
736 96 1001 135 PLANCIO
1055 96 1258 134 INDEX
1289 97 1322 133 I

867 219 898 249 V

232 294 368 331 Vaccaei,
384 293 524 335 populus
541 294 724 336 Hispaniae
736 294 998 330 Tarraconensis,
1018 294 1060 326 84
1080 294 1117 326 16

227 348 264 379 L.
299 348 446 378 Valerius
467 348 612 384 Flaccus,
626 354 766 389 'praetor
786 358 816 380 a.
836 347 876 388 63
898 348 1047 379 Ciceroni
1069 359 1202 389 operam
1225 348 1384 390 praestitit
1408 348 1442 379 in
1465 358 1552 380 com-

269 400 513 442 prehendendis
535 401 651 442 legatis
674 401 893 441 Allobrogum
917 401 958 431 88
981 400 1012 439 6,
1032 402 1287 443 repetundarum
1311 412 1349 432 ex
1374 401 1457 432 Asia
1478 411 1553 443 pro·

269 453 387 490 vincia,
401 464 500 495 quam
514 464 573 494 pro
586 459 734 494 praetore
751 464 779 484 a.
800 452 840 484 62
858 453 1056 490 obtinuerat,
1070 460 1238 486 accusatus
1259 454 1301 485 ab
1320 454 1500 486 Hortensio
1521 460 1552 485 et

271 508 430 539 Cicerone
446 507 596 539 defensus
613 513 670 539 est.
718 508 774 548 qui
787 507 886 538 homo
901 509 907 538 !
946 507 1001 548 qui
1017 507 1096 539 civis
1111 510 1117 539 !
1156 508 1197 540 27
1215 518 1252 548 31

235 561 423 602 Venafrum,
457 562 617 602 oppidum
648 561 852 602 Campaniae
885 561 1157 602 septentrionalis,
1185 562 1225 591 22
1255 560 1314 593 26:
1349 562 1425 593 inde
1455 562 1553 593 Vena·

260 616 390 656 franus
405 620 525 647 tractus
549 616 591 645 22
615 615 655 647 26

232 669 267 701 C.
295 670 462 709 Vengrilius,
480 680 555 701 cum
576 681 635 711 pro
658 675 807 711 praetore
831 675 914 702 esset
938 670 971 701 in
997 670 1118 708 Sicilia,
1139 670 1331 702 Ciceronem
1348 671 1490 702 exsulem
1515 681 1555 702 eo

271 723 381 753 venire
398 723 502 754 noluit
518 723 559 754 95
579 733 627 761 10,
650 723 691 754 96
712 731 748 763 17

239 776 323 814 Vibo,
338 776 497 818 Oppidum
511 777 712 808 Bruttiorum
724 777 764 808 ad
778 776 886 808 sinum
897 776 1093 808 Terinaeum
1105 777 1201 818 (goffia
1216 777 1252 808 dc·
1265 775 1361 808 Sant’
1373 777 1553 818 Eufhmia),

272 829 371 861 hodie
393 830 524 861 Bz‘vona
543 841 646 872 prope
668 830 906 867 Monte-Leone,
929 831 1009 861 olim
1034 830 1169 872 Hippo
1190 830 1325 869 dictum,
1343 831 1556 872 municipium

274 883 345 923 lege
369 883 464 921 Iulia,
493 884 551 915 Gr.
570 881 753 921 Ἰππώνιον,
777 889 952 926 postquam
976 895 1007 915 a.
1035 894 1091 926 192
1117 884 1247 916 colonia
1269 894 1309 915 eo
1332 884 1472 916 deducta
1495 890 1553 923 est,

276 936 352 968 Vibo
374 937 525 968 Valentia
550 937 590 969 96
608 947 658 976 21,
679 938 719 970 97
741 948 778 978 14

233 989 356 1021 Lucius
394 990 551 1022 Volcatius
587 991 711 1028 Tullus,
746 990 947 1022 aedilitatem
980 994 1094 1032 petens
1125 990 1288 1032 repulsam
1319 989 1407 1028 sert;
1444 995 1558 1032 postea

277 1049 386 1075 tamen
409 1045 522 1075 consul
545 1044 603 1075 fuit
627 1055 654 1075 a.
673 1043 715 1077 66
737 1055 811 1076 cum
835 1045 882 1076 M.
910 1044 1054 1076 Aemilio
1071 1044 1198 1086 Lepido
1216 1043 1254 1075 51
1275 1054 1287 1075 1

244 1098 391 1136 Voltinia,
417 1098 520 1130 tribus
546 1099 706 1138 Romana,
734 1099 774 1130 38
803 1107 832 1138 5,
860 1098 900 1130 43
929 1108 975 1140 15,
1011 1109 1058 1140 19,
1086 1098 1126 1129 54
1154 1099 1190 1130 18
1200 1110 1210 1138 ς
1233 1097 1319 1129 unde
1351 1097 1558 1129 Voltim'cnscs

271 1151 318 1182 -43
340 1150 375 1183 16
