1593 2488
145 112 194 136 20
480 97 541 134 M.
578 95 755 134 TVLLI
790 92 1115 133 CICERONIS
1295 88 1389 142 [XX
1410 102 1460 139 49

142 191 252 223 eatae
272 183 403 228 tribus,
424 183 546 220 latum
572 180 806 230 suffragium,
828 178 1007 218 diribitae
1027 178 1190 220 tabellae,
1203 174 1462 214 renuntiatae:

141 249 258 297 longe
276 246 483 296 plurimum
503 245 620 284 valuit
642 243 841 282 Plancius:
864 244 970 281 nulla
985 241 1195 291 largitionis
1212 254 1285 278 nee
1299 239 1368 278 fuit
1389 252 1463 278 nee

141 323 228 349 esse
246 310 374 360 potuit
395 309 573 359 suspicio.
605 309 669 347 ain
695 308 880 346 tandem?
908 319 986 344 una
1006 303 1179 343 centuria
1201 303 1465 353 praerogativa

141 381 293 412 tantum
327 375 446 411 habet
482 371 732 417 auctoritatis,
766 378 809 409 ut
842 383 960 408 nemo
997 381 1184 418 umquam
1218 380 1304 405 eam
1337 366 1465 405 tulerit

142 438 236 487 quin
264 437 512 476 renunciatus
541 438 589 475 sit
615 444 680 474 aut
707 436 761 474 eis
790 435 882 485 ipsis
911 434 1077 473 comitiis
1104 433 1206 483 prior
1234 433 1371 470 consul
1399 439 1465 469 aut
1502 453 1518 478 5

140 510 244 540 certe
265 502 304 540 in
325 502 433 539 illum
453 515 619 539 annum:
649 501 815 539 aedilem
837 507 877 537 tu
899 498 1102 536 Plancium
1127 500 1271 535 sactum
1293 509 1377 535 esse
1397 495 1466 533 mi-

139 565 244 612 raris,
265 564 304 602 in
325 577 403 614 quo
429 577 510 602 non
536 564 675 613 exigua
697 576 784 613 pars
809 562 954 612 populi,
977 563 1046 599 sed
1072 561 1270 599 universus
1299 560 1466 610 populus

138 630 382 666 voluntatem
415 641 526 665 suam
557 626 790 665 declararit?
829 626 938 663 cuius
976 625 1015 662 in
1052 625 1200 662 honore
1238 636 1318 661 non
1351 623 1465 661 unius

140 692 260 730 tribus
284 705 383 742 pars,
415 693 485 730 sed
513 691 671 729 comitia
700 698 783 728 tota
809 689 976 727 comitiis
1005 689 1144 726 suerint
1172 687 1466 738 praerogativa?

71 762 119 799 50
141 770 219 806 quo
248 757 406 805 quidem
436 764 622 805 tempore,
652 754 883 800 Laterensis,
910 754 941 791 si
970 754 1010 791 id
1038 754 1369 791 facere'voluisses
1398 760 1464 790 aut
1486 773 1516 788 10

139 822 170 859 si
203 821 398 870 gravitatis
432 834 516 858 esse
549 829 725 869 putasses
760 827 860 867 tuae,
894 820 1001 868 quod
1030 818 1141 856 multi
1170 818 1320 856 nobiles
1349 830 1465 867 saepe

138 888 325 932 fecerunt,
345 893 398 931 ut,
420 898 508 923 curn
530 885 658 922 minus
678 883 888 922 valuissent
908 882 1096 933 suffragiis
1116 896 1232 932 quam
1253 890 1465 932 putassent,

139 957 276 998 postea
300 949 462 998 prolatis
489 947 655 986 comitiis
681 953 970 997 prosternerent
997 959 1037 984 se
1057 953 1095 984 et
1115 947 1261 995 populo
1283 947 1466 984 Romano

138 1015 260 1052 fracto
295 1013 427 1051 animo
461 1020 578 1062 atque
611 1012 748 1050 humili
787 1011 1059 1061 supplicarent,
1093 1024 1173 1048 non
1206 1010 1344 1048 dubito
1373 1008 1466 1059 quin

138 1078 265 1116 omnis
294 1079 344 1116 ad
374 1085 412 1116 te
441 1091 675 1116 conversura
697 1076 812 1114 fuerit
842 1075 1061 1113 multitudo.
1119 1088 1335 1124 numquam
1362 1074 1465 1112 enim
1486 1096 1517 1119 15

138 1145 216 1182 sere
244 1143 438 1190 nobilitas,
463 1143 612 1192 integra
640 1142 865 1192 praesertim
895 1149 1011 1190 atque
1040 1141 1241 1188 innocens,
1268 1153 1292 1178 a
1319 1140 1468 1189 populo

139 1211 323 1247 Romano
354 1209 516 1257 supplex
544 1207 748 1256 repudiata
777 1214 845 1245 est.
905 1208 975 1244 sed
1001 1206 1033 1244 si
1059 1205 1129 1243 tibi
1154 1205 1319 1255 gravitas
1343 1213 1409 1242 tua
1428 1211 1467 1242 et

138 1272 367 1322 magnitudo
396 1271 516 1309 animi
545 1271 663 1321 pluris
698 1271 781 1318 fuit,
814 1270 927 1308 sicuti
961 1282 1045 1308 esse
1079 1269 1223 1317 debuit,
1261 1282 1379 1318 quarn
1408 1281 1468 1307 ae-

139 1337 278 1383 dilitas,
309 1335 402 1383 noli,
430 1349 518 1374 curn
545 1337 691 1374 habeas
722 1335 775 1380 id,
800 1335 908 1384 quod
941 1333 1133 1379 malueris,
1160 1333 1380 1372 desiderare
1413 1332 1465 1380 id,

139 1401 245 1450 quod
271 1400 431 1438 minoris
460 1399 616 1449 putaris.
675 1399 859 1447 equidem
885 1398 1053 1447 primum
1082 1405 1124 1435 ut
1151 1398 1299 1435 honore
1328 1396 1466 1446 dignus
1484 1418 1516 1434 20

139 1478 265 1503 essem
298 1464 468 1502 maxime
502 1477 655 1513 semper
692 1463 888 1511 laboravi3
931 1463 1103 1501 secundo
1133 1470 1175 1499 ut
1209 1461 1466 1510 existimarer3

137 1530 294 1569 tertium
327 1529 423 1567 mihi
456 1528 526 1567 fuit
556 1529 662 1575 illud,
698 1529 806 1577 quod
843 1528 1039 1577 plerisque
1076 1527 1244 1576 primum
1281 1534 1350 1573 est,
1383 1526 1467 1576 ipse

137 1596 275 1641 honos,
307 1595 374 1644 qui
402 1593 455 1632 eis
481 1594 652 1643 denique
673 1594 791 1631 debet
818 1606 903 1631 esse
926 1592 1129 1638 iucundus,
1152 1604 1317 1640 quorum
1344 1590 1467 1640 digni-

136 1658 206 1696 tati
235 1660 404 1707 populus
432 1659 638 1695 Romanus
667 1656 947 1704 testimonium,
975 1669 1055 1693 non
1084 1654 1318 1693 beneficium
1347 1654 1467 1693 ambi-

140 1723 236 1761 tioni
258 1723 378 1761 dedit.
1485 1735 1515 1758 25

69 1795 116 1831 51
219 1788 320 1825 XXI
378 1787 542 1835 Quaeris
569 1787 698 1835 etiam,
731 1785 963 1834 Laterensis,
994 1787 1087 1836 quid
1113 1784 1345 1835 imaginibus
1374 1784 1461 1830 tuis,

138 1852 232 1902 quid
265 1852 511 1890 ornatissimo
540 1860 657 1902 atque
688 1852 838 1902 optimo
867 1852 959 1897 viro,
990 1851 1089 1901 patri
1117 1859 1197 1896 tuo,
1226 1851 1465 1900 respondeas

138 1924 303 1955 mortuo.
361 1916 443 1954 noli
468 1916 542 1954 ista
567 1916 758 1963 meditari,
780 1924 897 1965 atque
923 1916 1019 1954 illud
1045 1929 1138 1953 cave
1162 1914 1301 1964 potiuS,
1323 1927 1373 1952 ne
1398 1921 1466 1952 tua

138 1981 212 2020 ista
235 1982 406 2031 querella
432 1982 623 2030 dolorque
647 1981 789 2020 nimius
809 1983 860 2019 ab
886 1981 959 2019 illis
987 1980 1282 2030 sapientissimis
1300 1978 1390 2017 viris
1409 1992 1465 2017 re-

138 2045 408 2094 prehendatur.
465 2044 562 2082 vidit
582 2043 687 2083 enim
714 2052 823 2094 pater
843 2051 931 2083 tuus
952 2044 1127 2094 Appium
1149 2043 1370 2090 Claudium,
1393 2055 1462 2081 no-
1484 2059 1523 2083 30,

139 2110 367 2149 bilissimum
395 2110 607 2158 hominem,
629 2110 718 2148 vivo
743 2117 852 2159 patre
878 2123 960 2157 suo,
984 2108 1254 2159 potentissimo
1281 2115 1319 2146 et
1339 2107 1464 2146 claris-

140 2174 239 2213 simo
252 2174 335 2222 civi,
351 2176 395 2214 C.
409 2174 588 2222 Claudio,
603 2175 771 2213 aedilem
787 2188 867 2213 non
883 2188 967 2213 esse
982 2176 1126 2213 factum
1143 2181 1181 2212 et
1197 2174 1367 2212 eundem
1380 2172 1464 2212 sine

139 2242 295 2290 repulsa
322 2242 468 2280 factum
492 2253 576 2280 esse
599 2241 818 2280 consulem:
850 2240 948 2280 vidit
973 2240 1174 2279 hominem
1201 2238 1274 2278 sibi
1296 2237 1463 2277 maxime
