1593 2488
159 92 206 127 14
502 78 563 117 M
598 79 776 117 TVLLI
809 78 1133 118 CICERONIS
1282 75 1405 129 [XIII
1427 90 1476 128 33

154 164 274 204 dum.’
329 177 421 214 ergo
450 163 485 203 ei
513 164 662 204 ferendi
691 172 791 210 sunt,
813 164 880 214 qui
906 165 982 202 hoc
1007 170 1233 213 queruntur,
1257 162 1477 201 libertatem

154 228 294 278 equitis
315 229 484 267 Romani
509 242 549 267 se
575 230 671 267 ferre
695 241 775 266 non
801 230 948 278 posse?
1002 227 1164 266 ubinam
1184 226 1248 264 ille
1268 228 1382 264 mos?
1409 226 1478 265 ubi

152 292 218 330 illa
242 293 416 342 aequitas
445 293 566 331 iuris?
593 293 661 331 ubi
686 292 752 331 illa
777 293 938 342 antiqua
962 292 1130 339 libertas,
1154 304 1256 340 quae
1281 290 1391 329 malis
1412 303 1479 340 op-

151 368 284 404 pressa
313 355 489 394 civilibus
522 358 707 394 extollere
740 356 817 394 iam
849 363 967 405 caput
997 363 1035 394 et
1068 355 1280 403 aliquando
1308 361 1479 392 recreata

152 432 193 457 se
222 419 366 468 erigere
386 420 585 458 debebat?
640 419 815 469 equitum
846 432 918 468 ego
940 421 1210 457 Romanorum
1239 418 1278 455 in
1299 417 1478 456 homines
1515 433 1530 456 5

152 483 413 522 nobilissimos
461 484 680 531 maledicta,
720 485 1018 534 publicanorum
1066 485 1106 522 in
1149 485 1196 532 Q.
1238 483 1476 529 Scaevolam,

151 547 275 585 virum
304 548 487 586 omnibus
516 548 672 598 ingenio
701 548 845 587 iustitia
874 549 1093 599 integritate
1121 555 1395 598 praestantem,
1422 561 1479 586 as-

151 625 243 661 pere
286 619 324 650 et
368 613 545 650 ferociter
582 620 621 651 et
657 613 778 651 libere
825 612 931 652 dicta
968 614 1304 651 commemorem?
1401 613 1479 650 'IV

151 676 302 714 consuli
333 678 373 714 P.
397 677 564 715 Nasicae
595 690 737 726 praeco
763 676 930 715 Granius
960 677 1093 715 medio
1118 676 1158 714 in
1178 678 1274 722 foro,
1297 690 1387 714 cum
1413 677 1478 715 ille

151 739 282 778 ed1cto
319 739 465 791 iustitio
504 741 666 778 domum
705 741 902 779 decedens
944 748 1118 790 rogasset
1155 740 1344 778 Granium
1383 740 1477 790 quid
1499 758 1529 774 10

152 803 267 842 tristis
305 807 435 842 esset?
473 818 520 842 an
553 805 662 854 quod
694 805 860 843 reiectae
894 805 1097 843 auctiones
1130 806 1283 842 essent?
1335 803 1477 844 ‘immo

152 868 257 906 vero’
279 867 406 917 inquit
428 870 552 917 ‘quod
582 869 819 918 legationes!
876 869 980 907 idem
1003 869 1158 907 tribuno
1182 869 1320 918 plebis,
1342 876 1478 918 poten-

150 933 298 971 tissimo
327 933 487 979 homini,
512 935 567 971 M.
592 935 733 981 Druso,
755 935 825 972 sed
845 935 967 971 multa
986 933 1027 970 in
1045 946 1085 971 re
1106 933 1264 982 publica
1288 933 1476 981 molienti,

151 1010 238 1035 cum
261 997 324 1035 ille
345 1010 436 1035 eum
457 999 661 1036 salutasset
680 1003 723 1044 et,
746 1005 788 1036 ut
808 999 862 1044 fit,
885 998 1047 1037 dixisset
1069 998 1180 1047 ‘quid
1201 997 1294 1047 agis,
1317 998 1477 1036 Grani?’

150 1061 351 1110 respondit
372 1062 511 1100 ‘immo
531 1075 623 1100 vero
638 1069 690 1109 tu,
707 1064 845 1107 Druse,
864 1062 957 1111 quid
974 1062 1094 1112 agis?'
1122 1061 1185 1100 ille
1199 1064 1242 1100 L.
1259 1062 1398 1108 Crassi,
1413 1063 1477 1102 ille
1498 1076 1528 1100 15

152 1126 208 1162 M.
230 1124 394 1163 Antonii
413 1127 654 1164 voluntatem
674 1126 934 1175 asperioribus
954 1125 1102 1164 facetiis
1122 1138 1239 1175 saepe
1258 1125 1478 1175 perstrInxit

150 1189 319 1238 impune.
383 1203 488 1227 nunc
526 1203 652 1239 usque
685 1203 733 1229 eo
772 1198 830 1229 est
868 1204 1056 1240 oppressa
1086 1198 1217 1228 nostra
1249 1190 1478 1240 adrogantia

149 1252 295 1300 civitas,
316 1260 370 1300 ut,
392 1266 492 1302 quae
521 1253 591 1291 fuit
620 1254 713 1292 olim
742 1254 926 1304 praeconi
954 1254 994 1292 in
1022 1254 1199 1301 ridendo,
1224 1267 1330 1292 nunc
1357 1253 1478 1304 equiti

80 1319 130 1356 34
152 1317 334 1356 Romano
356 1318 395 1356 in
416 1319 606 1367 plorando
627 1332 708 1356 non
735 1319 784 1357 sit
807 1332 995 1357 concessa
1020 1319 1187 1357 libertas.
1245 1332 1346 1368 quae
1371 1318 1477 1356 enim

148 1393 334 1430 umquam
357 1394 434 1419 vox
457 1381 529 1419 fuit
555 1381 703 1419 Plancii
727 1382 988 1420 contumeliae
1014 1381 1143 1431 potius
1163 1394 1282 1430 quam
1302 1381 1477 1420 doloris?
1495 1398 1528 1414 20

149 1445 246 1494 quid
275 1453 332 1484 est
351 1453 482 1484 autem
511 1459 699 1494 umquam
730 1453 902 1495 questus,
923 1445 997 1483 nisi
1023 1458 1111 1483 cum
1132 1458 1155 1482 a
1175 1444 1289 1483 sociis
1319 1451 1356 1483 et
1383 1457 1408 1482 a
1435 1457 1477 1484 se

148 1508 325 1547 iniuriam
355 1511 626 1559 propulsaret?
668 1522 758 1547 cum
782 1517 940 1547 senatus
961 1508 1212 1558 impediretur
1231 1522 1310 1557 quo
1334 1507 1474 1555 minus,

148 1571 189 1610 id
210 1574 316 1621 quod
336 1573 514 1611 hostibus
535 1585 687 1622 semper
710 1580 791 1611 erat
810 1572 1008 1619 tributum,
1030 1585 1258 1622 responsum
1281 1572 1476 1621 equitibus

149 1637 340 1674 Romanis
368 1638 605 1684 redderetur,
628 1637 810 1675 omnibus
840 1636 905 1674 illa
932 1635 1072 1674 iniuria
1100 1636 1226 1674 dolori
1253 1636 1325 1674 fuit
1352 1636 1477 1686 publi-

148 1699 266 1746 canis,
285 1701 353 1739 sed
375 1714 462 1739 eum
483 1702 611 1750 ipsum
632 1701 809 1738 dolorem
830 1700 893 1737 hic
913 1699 999 1738 tulit
1019 1701 1135 1749 paulo
1156 1700 1335 1749 apertius.
1373 1713 1476 1739 com-
1495 1716 1526 1740 25

148 1763 277 1801 munis
306 1763 368 1801 ille
398 1777 534 1802 sensus
555 1763 594 1801 in
615 1764 699 1802 aliis
720 1765 881 1802 fortasse
907 1763 1036 1801 latuit:
1065 1763 1139 1810 hic,
1161 1765 1270 1812 quod
1298 1777 1388 1802 cum
1417 1777 1477 1803 ce-

148 1827 238 1865 teris
268 1828 400 1866 animo
430 1828 635 1874 sentiebat,
657 1828 697 1866 id
723 1829 846 1878 magis
867 1842 984 1878 quam
1003 1828 1120 1867 ceteri
1139 1836 1178 1867 et
1197 1830 1303 1867 voltu
1323 1842 1476 1879 promp-

79 1895 128 1932 35
149 1898 229 1928 tum
250 1891 387 1929 habuit
416 1900 453 1930 et
480 1891 621 1941 lingua.
680 1906 930 1942 quamquam,
952 1892 1341 1942 iudices,—agnosco
1370 1893 1475 1932 enirn

149 1967 196 1992 ex
225 1958 534 2004 ine—permulta
554 1956 594 1994 in
616 1957 830 2004 Plancium,
852 1970 951 2006 quae
977 1958 1027 1995 ab
1055 1969 1102 1995 eo
1128 1969 1344 2006 numquam
1370 1957 1476 1996 dicta

149 2025 249 2066 sunt,
285 2021 546 2058 conferuntur.
606 2034 678 2070 ego
709 2021 800 2070 quia
832 2021 923 2060 dico
954 2019 1101 2070 aliquid
1137 2021 1360 2070 aliquando,
1393 2034 1474 2060 non
1493 2036 1526 2060 30

149 2081 277 2120 studio
296 2083 502 2129 adductus,
525 2084 594 2122 sed
620 2092 686 2123 aut
713 2084 966 2123 contentione
992 2085 1150 2123 dicendi
1170 2092 1236 2123 aut
1262 2084 1472 2132 lacessitus,

148 2152 188 2183 et
215 2145 317 2194 quia,
347 2152 389 2183 ut
421 2147 463 2184 fit
492 2145 531 2183 in
571 2147 714 2193 multis,
757 2146 837 2186 exit
876 2147 1090 2197 aliquando
1131 2147 1277 2197 aliquid
1319 2147 1351 2185 si
1392 2160 1474 2187 non

147 2210 397 2257 perfacetum,
425 2216 466 2248 at
493 2217 625 2248 tamen
654 2211 816 2249 fortasse
844 2223 924 2249 non
950 2210 1150 2258 rusticum,
1172 2211 1279 2260 quod
1307 2210 1492 2261 quisque.
