1593 2488
109 89 270 126 XXXII
295 86 359 140 77]
419 88 539 127 PRO
581 88 667 127 CN.
698 88 962 126 PLAAJ'CJO
1003 88 1224 126 ORATIO
1383 101 1428 137 31

108 181 214 213 tutus
242 173 277 213 ei
307 187 370 211 me
399 174 605 219 dedebam,
637 172 699 212 cui
728 172 823 211 nihil
852 187 995 223 magno
1024 187 1142 223 opere
1170 174 1367 221 deberem,
1396 182 1434 212 et

106 237 221 275 huius
242 237 358 276 officii
381 237 479 276 tanti
503 237 726 276 servitutem
755 236 1017 286 astringebam
1046 236 1270 275 testimonio
1296 238 1434 288 sempi-

105 300 236 340 terno.⁴
287 301 381 339 nolo
415 310 553 348 cetera,
595 314 696 350 quae
715 314 739 339 a
758 314 822 339 me
848 302 1037 339 mandata
1062 309 1151 339 sunt
1173 300 1320 348 litteris,
1341 303 1434 340 reci-

105 371 204 403 tare:
233 365 511 414 praetermitto,
535 378 584 404 ne
603 374 670 404 aut
694 367 866 415 proferre
889 364 1024 402 videar
1046 365 1097 402 ad
1124 372 1278 414 tempus
1297 374 1364 404 aut
1383 380 1432 405 eo

72 444 88 469 5
105 442 245 480 genere
265 429 320 467 uti
340 429 565 477 litterarum,
583 431 692 480 quod
712 429 809 468 meis
829 428 966 467 studiis
987 428 1112 478 aptius
1133 441 1251 478 quam
1270 443 1432 469 consue-

105 492 231 531 tudini
250 493 483 532 iudiciorum
505 506 590 532 esse
609 494 796 534 videatur.

185 558 325 595 XXXI
383 560 515 606 Atque
544 557 662 596 etiam
691 557 880 604 clamitas,
907 557 1147 597 Laterensis:
1179 560 1282 608 ‘quo
1306 571 1430 607 usque
1450 565 1499 603 75

103 622 176 662 ista
192 622 313 661 dicis?
337 621 433 660 nihil
449 623 488 660 in
501 622 636 672 Cispio
650 623 864 672 profecisti:
887 625 1088 662 obsoletae
1101 623 1178 661 iam
1195 631 1285 661 sunt
1297 636 1431 672 preces

103 687 218 725 tuae.'
259 687 309 724 de
338 686 473 736 Cispio
498 686 594 724 mihi
621 686 735 736 igitur
758 686 916 733 obicies,
939 699 1058 736 quem
1078 700 1151 736 ego
1171 687 1221 724 de
1247 699 1310 724 me
1329 686 1430 724 bene

55 770 87 787 10
104 751 286 789 meritum
307 750 399 800 quia
417 758 456 789 te
476 758 575 790 teste
594 764 817 801 cognoram,
839 759 879 790 te
899 753 1041 790 eodem
1067 759 1225 789 auctore
1249 750 1432 789 defendi?

103 823 141 855 et
161 815 196 854 ei
216 816 322 854 dices
354 817 633 865 ‘quousque?’‚
655 829 772 866 quem
792 829 922 866 negas,
945 817 1054 864 quod
1078 830 1149 867 pro
1176 816 1311 867 Cispio
1340 830 1431 855 con-

103 880 305 926 tenderim,
328 880 532 930 impetrare
559 881 757 931 potuisse?
803 894 895 919 nam
923 881 1031 919 istius
1055 881 1161 920 verbi
1191 884 1428 932 ‘quousque'

103 952 255 994 poterat
281 946 378 983 haec
404 959 487 984 esse
507 946 670 984 invidia:
699 947 814 985 datus
835 954 891 985 est
911 946 981 985 tibi
1001 945 1075 991 ille,
1099 946 1345 984 condonatus
1371 954 1429 985 est

101 1008 183 1047 ille:
204 1023 285 1048 non
304 1010 397 1048 facis
418 1012 553 1049 finem:
578 1012 675 1049 ferre
691 1024 771 1049 non
786 1024 1010 1060 possumus:
1038 1010 1073 1048 ei
1090 1010 1261 1060 quidem,
1277 1010 1342 1059 qui
1358 1024 1428 1060 pro

55 1089 85 1112 15
103 1086 184 1111 uno
204 1073 397 1119 laborarit,
416 1073 456 1111 id
477 1073 606 1122 ipsum
627 1087 707 1112 non
728 1073 950 1119 obtinuerit,
968 1072 1046 1111 dici
1069 1077 1289 1122 ‘quousque
1298 1075 1324 1111 ?⁷
1340 1073 1428 1111 inri-

103 1135 231 1173 dentis
259 1135 381 1184 magis
408 1143 466 1173 est
491 1149 609 1184 quam
639 1136 979 1185 reprehendentis,
1009 1136 1081 1174 nisi
1110 1137 1207 1174 sorte
1233 1150 1306 1186 ego
1326 1150 1428 1174 unus

100 1199 154 1237 ita
174 1213 236 1238 me
255 1199 355 1248 gessi
375 1199 416 1236 in
435 1199 597 1247 iudiciis,
614 1199 668 1237 ita
688 1208 726 1238 et
746 1213 836 1237 cum
855 1200 914 1238 his
935 1208 973 1238 et
991 1200 1092 1238 inter
1110 1202 1182 1239 hos
1202 1201 1288 1246 vixi,
1311 1201 1350 1238 in
1372 1201 1426 1240 eis

100 1263 225 1301 causis
252 1273 450 1313 patronus,
474 1264 504 1301 is
530 1264 570 1301 in
597 1278 637 1303 re
662 1265 820 1314 publica
845 1264 937 1302 civis
959 1272 997 1302 et
1017 1278 1102 1302 sum
1123 1273 1162 1303 et
1181 1278 1336 1315 semper
1359 1265 1424 1312 fui,

101 1328 205 1365 solus
224 1334 267 1365 ut
286 1341 309 1365 a
329 1335 366 1365 te
387 1327 601 1366 constituar
621 1328 687 1377 qui
707 1328 802 1366 nihil
817 1328 1044 1367 aiudicibus
1057 1330 1225 1367 debeam
1240 1342 1426 1379 umquam

52 1410 84 1426 ιο
100 1390 314 1440 impetrare.
385 1399 423 1430 et
454 1391 548 1429 mihi
578 1392 821 1429 lacrimulam
852 1392 1029 1441 Cispiani
1067 1392 1200 1431 iudicii
1237 1393 1422 1432 obiectas.
1445 1394 1493 1431 '76

98 1454 154 1492 sic
173 1454 277 1492 enim
298 1454 444 1493 dixisti:
478 1454 572 1492 ‘vidi
594 1468 666 1504 ego
687 1462 793 1492 tuam
813 1454 1078 1494 lacrimulam?
1116 1455 1205 1494 vide
1225 1470 1342 1506 quam
1362 1470 1426 1496 me

97 1519 205 1558 verbi
233 1519 289 1558 tui
318 1518 540 1569 paeniteat:
575 1532 655 1557 nou
682 1519 803 1557 modo
832 1519 1086 1567 lacrimulam,
1108 1521 1179 1558 sed
1205 1522 1346 1559 multas
1374 1523 1426 1559 la-

98 1583 238 1621 crimas
264 1590 302 1621 et
322 1584 454 1621 fletum
479 1596 570 1620 cum
599 1583 768 1632 singultu
788 1582 920 1620 videre
950 1583 1121 1632 potuisti.
1180 1597 1230 1621 an
1251 1597 1335 1633 ego,
1359 1584 1426 1634 qui

97 1659 274 1685 meorum
305 1647 472 1684 lacrimis
505 1660 568 1685 me
606 1648 769 1685 absente
807 1656 1030 1685 commotus
1064 1647 1291 1694 simultates,
1327 1661 1425 1698 quas

49 1727 81 1752 25
97 1723 254 1748 mecum
273 1711 455 1757 habebat,
477 1710 721 1760 deposuisset
740 1724 929 1760 meaeque
950 1711 1083 1749 salutis
1102 1725 1182 1749 non
1202 1713 1323 1750 modo
1344 1726 1426 1750 non

97 1777 355 1825 oppugnator,
388 1784 431 1814 ut
468 1776 615 1815 inimici
649 1775 728 1814 mei
760 1784 955 1826 putarant,
988 1778 1059 1815 sed
1091 1776 1206 1814 etiam
1241 1778 1425 1815 defensor

95 1839 238 1887 fuisset,
261 1840 374 1878 huius
401 1840 441 1878 in
467 1840 640 1890 periculo
667 1854 749 1879 non
776 1840 1033 1891 significarem
1063 1842 1241 1879 dolorem
1267 1843 1424 1880 meum?

95 1910 137 1941 tu
165 1912 308 1951 autem,
344 1905 578 1952 Laterensis,
612 1904 679 1954 qui
716 1912 800 1943 tum
832 1904 1011 1943 lacrimas
1042 1919 1150 1944 meas
1180 1913 1307 1956 gratas
1337 1918 1422 1944 esse
1441 1907 1491 1944 77

96 1968 265 2014 dicebas,
287 1982 392 2007 nunc
412 1971 572 2008 easdem
590 1970 648 2009 vis
667 1969 880 2008 invidiosas
899 1969 1032 2008 videri.

46 2046 78 2070 30
175 2035 341 2072 XXXII
397 2035 529 2084 Negas
563 2034 806 2073 tribunatum
831 2035 982 2072 Plancii
1007 2034 1218 2085 quicquam
1246 2035 1422 2074 attulisse

94 2097 310 2136 adiumenti
342 2098 521 2148 dignitati
550 2112 672 2147 meae,
706 2106 825 2148 atque
853 2100 929 2137 hoc
958 2101 1059 2146 loco,
1087 2102 1196 2150 quod
1223 2100 1421 2139 verissime

93 2164 220 2200 facere
257 2170 380 2211 potes,
421 2164 464 2200 L.
506 2162 657 2209 Racilii,
698 2162 896 2201 fortissimi
930 2171 968 2201 et
1001 2164 1306 2203 constantissimi
1337 2164 1418 2211 viri,

94 2225 226 2265 divina
252 2226 294 2264 in
321 2240 384 2266 me
411 2227 549 2266 merita
577 2240 872 2266 commemoras.
924 2227 987 2266 cui
1015 2228 1176 2278 quidem
1200 2242 1284 2280 ego,
1308 2228 1419 2267 sicuti
