1593 2488
71 82 91 129 ἓ
110 77 177 132 94]
630 77 831 116 NOTES
1325 91 1398 129 193

137 170 161 200 1.
178 171 228 199 14.
273 166 424 204 iudiciis]
456 165 499 206 by
523 165 578 196 the
602 165 735 196 honores
761 164 826 195 and
850 164 988 205 imperia
1009 164 1179 196 conferred
1203 174 1246 195 on
1270 164 1339 196 him
1363 170 1397 197 at

74 211 203 242 various
219 210 384 245 elections,
401 208 442 240 cf.
460 209 501 239 de
517 208 596 249 imp.
615 208 730 248 Pomp.
751 209 768 246 §
784 217 837 247 43.

137 289 216 318 tum
245 284 396 323 hercule]
419 284 454 315 in
477 283 547 315 that
571 293 655 320 case,
679 283 738 314 viz.
759 283 786 314 if
809 283 826 314 Ι
851 283 909 314 did
931 287 989 315 not
1011 283 1086 324 give
1113 283 1234 315 Caesar
1260 283 1310 315 his
1333 284 1397 316 due

75 330 170 361 meed
186 329 223 360 of
234 328 349 369 praise.

137 394 161 423 1.
178 395 228 423 16.
273 390 485 429 hominibus]
510 390 564 421 ‘to
581 389 680 429 men,’
697 395 755 422 not
771 400 947 422 measures.

138 469 155 507 ἓ
172 472 236 506 94,
255 470 342 499 1.17.
381 475 437 505 an,
457 475 535 498 cum
550 469 741 505 videam—,
758 467 925 506 pugnem]
950 468 968 504 ἓ
987 476 1025 508 53
1043 467 1065 498 l.
1080 477 1132 506 32·
1166 467 1267 499 Ifthe
1283 467 1400 508 princi-

74 512 129 554 pal
154 511 353 552 predicative
374 510 401 541 is
421 521 441 540 a
464 510 623 550 potential
647 510 860 550 subjunctive,
886 521 928 541 an
952 510 1121 542 indefinite
1146 510 1254 542 clause
1265 511 1358 542 ‘with
1382 521 1403 541 a

74 559 204 596 present
221 565 257 585 or
273 553 378 584 future
393 553 475 584 after
490 563 563 583 cum
580 553 606 583 is
621 553 742 594 always
757 553 791 584 in
807 553 863 584 the
877 563 967 584 same
983 554 1094 584 mood.

139 628 279 651 cursum
294 622 474 651 tenentem
489 620 605 659 suum]
628 622 644 658 §
662 629 700 661 52
718 620 738 652 1.
764 622 812 652 18.
858 621 921 652 We
942 621 1025 652 have
1049 621 1104 652 the
1124 632 1213 653 same
1238 621 1343 662 image
1367 621 1400 652 in

75 672 121 694 or.
140 673 174 703 p.
193 663 286 693 Ball).
304 664 320 700 ξ
337 662 374 694 61
395 674 494 704 neque
509 674 570 694 esse
585 664 802 694 inconstantis
821 668 902 704 puto
927 665 1118 694 seutentiam
1146 669 1315 705 tamquam
1341 665 1401 695 ali-

74 706 163 747 quod
174 705 349 745 navigium
366 711 462 746 atque
475 717 605 736 cursum
626 717 665 737 ex
685 707 736 737 rei
750 712 788 747 p.
805 711 984 747 tempestate
998 707 1167 745 moderari,
1188 718 1239 748 ep.
1260 708 1302 737 ad
1320 707 1333 737 s
1333 717 1396 739 am.

75 755 89 779 1
102 758 121 789 9
137 750 153 786 ἓ
166 759 202 779 21
222 759 402 789 numquam
418 749 502 779 enim
521 749 583 787 (in)
594 749 838 789 praestantibus
852 750 888 780 in
906 760 939 780 re
948 754 984 790 p.
995 750 1210 790 gubernanda
1226 750 1307 780 viris
1329 750 1401 780 lau-

75 791 154 822 data
183 795 227 821 est
250 792 289 822 in
317 802 385 822 una
415 792 571 822 sententia
593 796 750 832 perpetua
774 793 974 832 permansio,
1003 793 1064 831 secl,
1092 797 1129 823 ut
1151 793 1187 823 in
1215 793 1402 833 navigando

75 834 254 875 tempestati
267 833 393 874 obsequi
407 835 491 865 artis
504 839 559 873 est,
579 835 709 865 etiamsi
716 839 852 875 portum
868 840 972 866 tenere
986 846 1050 866 non
1066 846 1170 876 queas,
1191 846 1264 866 cum
1281 846 1352 866 vero
1368 835 1406 866 id

69 877 173 918 possis
189 881 316 907 mutata
335 877 545 917 velificatione
566 878 707 918 adsequi,
732 878 868 908 stultum
887 883 930 909 est
950 888 1022 909 eum
1043 883 1147 909 tenere
1165 889 1239 909 cum
1258 878 1402 918 periculo

76 930 220 955 cursum,
237 930 331 960 quem
353 920 507 960 inceperis
526 921 637 960 (vulgo
659 921 798 961 ceperis),
814 921 927 961 potius
946 931 1045 961 quam
1066 931 1098 952 eo
1119 925 1322 957 commutato,
1339 931 1403 962 quo

76 963 156 993 velis
170 967 279 993 tamen
295 964 476 1002 pervenire,
492 963 616 994 sic...in
631 963 898 995 administranda
914 964 1075 1005 republica
1095 974 1160 996 non
1178 964 1261 995 idem
1281 968 1404 1005 senspcr

75 1005 176 1036 dicere
189 1005 246 1036 sea'
257 1005 339 1036 idem
354 1011 475 1046 semper
487 1010 625 1046 spectare
640 1006 791 1037 debemus.

140 1083 166 1113 1.
183 1085 232 1113 20.
277 1081 345 1120 im]
368 1092 414 1112 sc.
431 1082 669 1123 tempestati.

141 1161 166 1190 1.
184 1162 233 1190 24.
282 1161 507 1189 monumenta
529 1160 565 1189 et
584 1157 741 1196 litterae]
764 1157 805 1188 cf.
824 1166 852 1189 11
870 1169 915 1190 or.
941 1158 975 1189 in
997 1158 1091 1190 Verr.
1114 1166 1158 1190 111
1176 1160 1192 1197 ἓ
1209 1168 1271 1201 209
1288 1168 1403 1188 monu-

79 1202 197 1233 mentis
212 1212 248 1232 ac
263 1201 393 1239 litteris,
410 1212 455 1232 or.
472 1212 505 1242 p.
523 1201 632 1241 Ligar.
657 1202 673 1239 ἓ
689 1200 708 1232 6
725 1201 841 1232 litteris
857 1202 1143 1243 monumentisque,
1169 1212 1216 1233 or.
1239 1212 1272 1242 p.
1291 1201 1402 1232 Deiot-

77 1247 95 1283 §
112 1253 151 1285 37
167 1245 287 1275 litteris
302 1244 585 1285 monumentisque.
630 1252 674 1274 W.

142 1323 167 1353 1.
184 1325 231 1353 26.
281 1323 463 1352 inclinatio
477 1320 689 1359 temporum]
716 1321 774 1352 ‘an
797 1321 970 1352 alteration
993 1321 1035 1359 of,
1058 1321 1129 1353 bias
1149 1321 1188 1353 of
1208 1322 1262 1353 the
1284 1321 1403 1360 times,'

78 1375 147 1406 esp.
167 1364 217 1395 sor
236 1364 292 1395 the
310 1374 431 1401 worse3
458 1374 477 1394 a
493 1374 645 1395 common
662 1363 780 1404 phrase
801 1364 835 1394 in
855 1365 981 1400 Cicero,
999 1375 1033 1395 as
1048 1365 1082 1395 in
1099 1375 1146 1396 or.
1163 1375 1194 1405 p.
1216 1365 1310 1396 Balb.
1330 1366 1346 1402 ἓ
1364 1367 1404 1405 53

78 1408 186 1438 omnis
201 1407 259 1437 illa
276 1407 488 1437 inclinatio
504 1407 723 1436 communium
739 1411 960 1447 temporum,
985 1407 1045 1438 ‘all
1060 1408 1116 1438 the
1132 1408 1273 1448 impetus
1289 1407 1326 1438 of
1335 1408 1405 1439 that

79 1450 226 1482 national
242 1448 355 1487 crisis‚’
370 1449 477 1480 where
490 1449 544 1479 Mr
555 1449 640 1479 Reid
657 1450 808 1480 observes
826 1449 916 1480 ‘that
932 1450 1104 1480 inclinatio
1122 1449 1228 1490 (ῥοπὴ)
1246 1450 1406 1482 indicates

78 1493 173 1534 rapid
189 1492 378 1523 downward
394 1496 591 1529 nmvement,
611 1492 791 1532 beginning
806 1492 1029 1533 immediately
1039 1493 1121 1523 after
1136 1504 1156 1524 a
1171 1493 1296 1524 critical
1312 1493 1406 1534 point

78 1536 106 1567 is
127 1536 278 1571 reached,
295 1535 359 1565 and
383 1534 408 1565 it
429 1535 456 1565 is
477 1534 566 1565 often
582 1534 696 1575 joined
718 1535 795 1565 with
812 1535 1036 1572 momentum’‚
1053 1546 1088 1567 as
1104 1536 1138 1566 in
1161 1536 1202 1567 de
1218 1535 1274 1566 fin.
1291 1543 1315 1566 v
1331 1537 1347 1574 ἓ
1367 1546 1402 1567 11

79 1589 192 1610 rerum
220 1578 507 1609 inclinationes
529 1582 557 1608 et
583 1582 742 1608 momenta
769 1582 956 1618 temporum,
980 1589 1033 1619 ep.
1058 1579 1100 1609 ad
1123 1578 1199 1609 fam.
1224 1586 1263 1609 Vl
1289 1589 1328 1610 10
1348 1579 1365 1616 ἓ
1387 1587 1407 1617 5

78 1632 160 1663 quae
188 1621 345 1662 quoniam
378 1620 414 1650 in
445 1624 564 1660 tempo
572 1631 657 1650 rum
683 1621 1024 1652 inclinationibus
1053 1627 1141 1662 saepe
1159 1621 1280 1662 parvis
1298 1622 1407 1663 posita

79 1668 167 1702 sunt,
186 1664 296 1694 omnia
319 1668 507 1693 momenta
529 1662 775 1693 observabimus.

142 1733 168 1768 1.
184 1734 233 1763 27.
280 1730 518 1770 quod—facio]
546 1731 604 1761 i.e.
625 1730 798 1762 defendo
821 1730 1044 1762 sententias
1065 1740 1335 1772 quascumque
1356 1731 1413 1762 rei

79 1783 114 1816 p.
130 1774 495 1815 status—postulat,
512 1783 566 1805 see
584 1775 600 1812 ἓ
618 1784 669 1818 91.
719 1774 773 1806 Cf.
790 1774 839 1805 for
855 1774 911 1806 the
927 1774 1102 1806 sentiment
1118 1774 1161 1805 ad
1178 1774 1243 1806 div.
1264 1784 1291 1811 1,
1308 1784 1340 1816 9,
1359 1784 1412 1805 21.

145 1852 169 1881 1.
189 1852 239 1880 28.
283 1848 448 1887 requiris]
471 1849 544 1889 §93
561 1847 583 1878 l.
603 1857 631 1878 2.

147 1930 170 1959 1.
191 1931 240 1959 29.
289 1926 419 1964 dimisi]
444 1929 451 1942 ‘
465 1925 549 1956 have
565 1923 744 1966 foregone‚’
761 1924 800 1956 cf.
818 1925 860 1955 (le
875 1935 939 1955 am.
958 1926 975 1963 ἓ
993 1924 1032 1964 76
1056 1925 1093 1955 in
1109 1925 1262 1956 amicitiis
1278 1925 1356 1956 dim
1365 1926 1407 1956 it-

85 1971 221 2008 tendis,
242 1970 283 2000 de
299 1981 344 2000 or.
367 1977 394 2000 Π
412 1970 427 2006 ξ
444 1970 486 2009 89
502 1978 600 2008 neque
614 1968 753 1998 dimisi
765 1972 898 2008 tempus,
916 1978 963 1998 or.
980 1979 1013 2008 p.
1032 1968 1126 1998 Balb.
1143 1969 1159 2006 ἓ
1175 1968 1213 2000 61
1232 1969 1287 1999 sui
1300 1979 1409 2008 quem-

85 2024 146 2055 que
161 2013 247 2044 iuris
262 2017 292 2044 et
306 2012 466 2043 retinendi
478 2016 507 2042 et
521 2011 752 2042 dimittendi
766 2022 826 2041 esse
840 2011 1020 2049 dominum,
1040 2011 1147 2042 below
1163 2013 1179 2050 ἓ
1196 2020 1234 2054 97
1253 2011 1273 2042 1.
1292 2021 1343 2051 32.

151 2089 176 2120 1.
192 2090 243 2119 29.
286 2085 495 2126 pertinacia]
522 2087 530 2102 ‘
544 2086 705 2118 obstinate
721 2085 901 2118 adherence
918 2090 951 2117 to
968 2096 986 2116 a
1002 2084 1119 2127 party?
