1626 2488
184 107 234 155 36
523 107 582 144 M
620 106 799 144 TVLLI
835 104 1157 143 CICERONIS
1240 101 1501 155 [XXXV187

183 204 380 230 servorum
418 190 583 229 ducibus
621 192 784 229 caedem
822 189 903 229 fieri
946 196 1100 228 senatus
1139 196 1176 227 et
1213 190 1408 227 bonorum
1449 188 1504 227 rei

113 266 164 303 88
184 257 365 305 publicae
396 256 601 294 exitiosum
627 255 770 295 fuisset.
818 255 921 294 vinci
955 262 1087 293 autem
1117 254 1314 304 improbos
1344 267 1367 291 a
1391 253 1504 292 bonis

182 322 306 359 fateor
336 321 454 360 fuisse
484 321 736 370 praeclarum,
767 319 798 358 si
832 321 949 358 finem
981 327 1063 357 tum
1096 318 1278 356 vincendi
1307 317 1504 355 viderem:

184 399 301 435 quem
330 387 504 435 profecto
534 398 613 423 non
642 385 836 423 videbam.
894 383 962 422 ubi
989 383 1093 421 enim
1119 382 1213 420 mihi
1240 389 1393 431 praesto
1419 381 1507 419 suis-

184 458 270 489 sent
307 457 373 488 aut
410 457 487 488 tam
528 450 645 487 sortes
683 449 874 495 consules,
919 461 1036 497 quam
1074 449 1116 484 L.
1153 446 1346 496 Opimius,
1387 459 1539 495 quam⁵

183 516 227 554 C.
252 514 411 559 Marius,
434 527 551 563 quam
573 515 615 551 L.
639 514 811 560 Flaccus,
838 511 977 561 quibus
998 511 1162 549 ducibus
1183 511 1382 560 improbos
1402 510 1505 549 cives

183 592 243 617 res
269 578 426 629 publica
443 577 534 615 vicit
563 577 731 623 armatis,
754 585 831 622 aut,
853 577 883 614 si
904 575 1030 613 minus
1053 577 1182 621 fortes,
1204 583 1242 613 at
1268 584 1400 614 tamen
1426 583 1506 613 tam

184 642 283 690 iusti,
315 655 432 691 quam
465 643 506 685 P,
537 640 705 689 Mucius,
730 642 796 690 qui
827 653 945 687 arma,
972 653 1071 688 quae
1105 639 1275 689 privatus
1307 642 1348 678 P.
1377 638 1506 689 Scipio

183 715 349 756 ceperat,
373 719 418 744 ea
436 706 496 751 Ti.
520 706 699 743 Graccho
720 705 954 753 interempto
975 691 1224 753 iureoptimo
1248 711 1403 753 sumpta
1423 716 1507 742 esse

184 771 384 809 defendit?
439 777 539 808 esset
568 769 682 819 igitur
714 770 970 819 pugnandum
1002 781 1093 806 curn
1124 768 1359 806 consulibus.
1411 767 1504 806 nihi]
1528 789 1558 804 10

184 834 273 874 dico
294 835 471 884 amplius,
492 834 567 872 nisi
588 834 708 880 illud3
736 833 918 872 victoriae
939 841 1093 871 nostrae
1119 832 1243 882 gravis
1271 832 1507 871 adversarios

114 904 163 941 89
183 907 350 951 paratos,
381 898 557 937 interitus
588 900 715 937 nullos
749 911 833 937 esse
867 899 1011 937 ultores
1040 897 1232 935 videbam.
1300 896 1406 935 hisce
1435 910 1508 947 ego

183 964 335 1003 auxiliis
366 964 499 1002 salutis
528 977 640 1002 meae
668 963 700 1002 si
727 962 874 1002 idcirco
904 962 1021 1009 defui,
1055 962 1148 1012 quia
1175 961 1282 1000 nolui
1311 961 1506 1008 dimicare,

183 1029 343 1075 fatebor,
366 1027 405 1066 id
426 1029 534 1079 quod
553 1028 623 1074 vis,
643 1040 724 1065 non
753 1026 849 1064 mihi
875 1027 1072 1071 auxilium,
1095 1026 1165 1065 sed
1191 1039 1255 1064 me
1281 1024 1424 1063 auxilio
1444 1025 1510 1063 de-

182 1093 318 1132 fuisse:
348 1093 406 1131 sin
427 1101 569 1138 autem,
585 1105 665 1141 quo
685 1091 833 1130 maiora
853 1091 981 1130 studia
1000 1091 1039 1129 in
1054 1104 1118 1129 me
1130 1090 1322 1128 bonorum
1342 1090 1507 1136 fuerunt,
1533 1112 1561 1136 ις

182 1159 259 1196 hoc
275 1157 329 1196 eis
349 1157 471 1207 magis
492 1158 778 1195 consulendum
800 1164 838 1195 et
857 1157 1096 1206 parcendum
1112 1154 1255 1205 putavi,
1270 1162 1311 1192 tu
1326 1154 1367 1193 id
1386 1154 1426 1193 in
1445 1167 1509 1194 me

183 1221 446 1271 reprehendis,
469 1220 577 1269 quod
608 1221 650 1268 Q.
679 1220 843 1257 Metello
871 1218 976 1256 laudi
1004 1219 1138 1256 datum
1158 1225 1215 1255 est
1235 1216 1431 1266 hodieque
1451 1224 1509 1254 est

184 1292 222 1323 et
252 1298 405 1335 semper
433 1284 503 1322 erit
528 1283 721 1321 maximae
749 1283 922 1332 gloriae?
953 1295 1080 1331 quem,
1102 1289 1145 1319 ut
1173 1286 1285 1330 potcs
1313 1294 1359 1319 ex
1378 1279 1509 1318 multis

182 1349 328 1396 audire,
359 1349 425 1399 qui
459 1356 541 1386 tum
574 1349 792 1395 adsuerunt,
823 1354 978 1386 constat
1008 1344 1246 1384 invitissimis
1276 1344 1364 1382 viris
1396 1343 1508 1382 bonis

182 1414 354 1460 cessisse,
369 1427 442 1452 nec
455 1414 570 1451 fuisse
587 1412 754 1451 dubium
775 1411 869 1460 quin
886 1411 1137 1450 contentione
1154 1417 1192 1448 et
1207 1408 1322 1448 armis
1338 1408 1509 1457 superior
1533 1425 1562 1440 -0

182 1485 315 1527 posset
339 1491 433 1517 esse.
493 1490 584 1527 crgo
608 1477 672 1515 ille
693 1490 783 1514 cum
811 1489 934 1522 suum,
957 1488 1038 1514 non
1067 1488 1157 1512 cum
1183 1481 1339 1512 senatus
1362 1474 1507 1511 factum

183 1543 422 1588 defenderet,
439 1555 529 1579 cum
550 1540 877 1591 perseverantiam
895 1539 1108 1578 sententiae
1130 1552 1232 1585 suae,
1248 1551 1328 1576 non
1344 1539 1507 1576 salutem

181 1605 236 1643 rei
265 1605 444 1654 publicae
471 1604 702 1651 retinuisset,
724 1612 855 1642 tamen
877 1605 927 1642 ob
951 1603 1057 1641 illam
1083 1616 1252 1649 causam,
1279 1602 1385 1651 quod
1412 1601 1507 1640 illud

182 1669 442 1707 voluntarium
461 1670 601 1706 vulnus
622 1668 782 1718 accepit,
808 1668 1037 1706 iustissimos
1059 1666 1236 1706 omnium
1258 1667 1507 1705 Metellorum

184 1741 222 1772 et
242 1733 473 1772 clarissimos
500 1733 718 1782 triumphos
744 1733 865 1783 gloria
891 1741 929 1771 et
958 1733 1074 1771 laude
1103 1733 1307 1781 superavit,
1334 1733 1441 1781 quod
1470 1740 1508 1771 et
1530 1750 1560 1773 οε

184 1799 270 1837 illos
304 1799 409 1848 ipsos
444 1798 752 1847 improbissimos
784 1797 877 1835 civis
911 1796 1073 1835 interfici
1106 1796 1240 1843 noluit,
1271 1804 1309 1835 ct
1340 1810 1389 1835 ne
1423 1797 1509 1846 quis

182 1864 310 1901 bonus
331 1862 501 1900 interiret
522 1862 560 1899 in
582 1863 719 1900 eadem
739 1863 860 1900 caede
882 1861 1071 1911 providit:
1099 1873 1172 1911 ego
1192 1860 1307 1898 tantis
1327 1861 1508 1910 periculis

184 1926 391 1976 propositis
422 1939 522 1972 cum,
557 1925 587 1963 si
618 1925 742 1963 victus
781 1939 917 1970 essem,
953 1924 1129 1963 interitus
1162 1924 1216 1962 rei
1250 1924 1440 1973 publicae,
1476 1925 1507 1963 si

180 1991 372 2039 vicissem,
394 1990 544 2028 infinita
566 1990 764 2028 dimicatio
784 1998 991 2039 pararetur,
1017 1989 1302 2027 committerem
1330 1996 1372 2026 ut
1401 1989 1506 2028 idem

181 2056 354 2105 perditor
399 2056 454 2094 rei
501 2055 682 2105 publicae
720 2055 950 2101 nominarer,
992 2054 1059 2104 qui
1105 2061 1275 2092 servator
1320 2053 1506 2092 fuissem?
1525 2072 1557 2096 30

111 2123 160 2161 90
183 2122 383 2158 XXXVII
440 2128 606 2158 mortem
643 2133 706 2158 me
744 2119 917 2158 timuisse
949 2119 1055 2158 dicis.
1117 2132 1190 2168 ego
1223 2131 1314 2156 vero
1352 2131 1402 2156 ne
1438 2117 1506 2155 im-

183 2184 458 2223 mortalitatem
497 2183 658 2233 quidem
697 2191 834 2222 contra
875 2197 955 2222 rem
999 2183 1195 2233 publicam
1235 2181 1505 2232 accipiendam

182 2255 369 2298 putarem,
400 2248 548 2286 nedum
579 2246 701 2286 emori
733 2260 823 2285 cum
856 2247 1027 2297 pernicie
1060 2246 1115 2286 rei
1143 2246 1323 2296 publicae
1352 2246 1503 2284 vellem.
