1626 2488
131 115 180 153 90
517 104 637 143 PRO
679 104 764 143 CN.
794 105 1060 144 PLANCIO
1155 103 1280 157 [XIII
1309 106 1452 154 §31—

615 331 842 364 CHAPTER
873 332 967 364 XIII

190 425 216 454 1.
239 427 287 455 14.
334 423 467 463 obesse]
493 423 543 455 ‘to
565 423 607 456 be
629 434 649 455 a
672 424 898 465 presumption
920 422 1106 465 against,'§
1127 424 1205 466 231.
1223 433 1253 464 5.
1301 423 1454 456 Plancius

129 466 183 498 the
198 467 287 498 elder
302 466 367 498 had
380 468 476 498 made
491 467 859 507 himselfdisagreeable
875 472 909 498 to
926 468 981 498 the
1000 468 1134 508 leading
1156 468 1318 498 members
1341 467 1380 498 of
1397 467 1454 498 the

128 515 250 546 senate,
273 510 366 549 (Intr.
392 512 409 548 ἓ
425 509 481 551 4);
510 509 682 545 therefore,
700 510 877 550 according
896 515 932 540 to
951 510 1006 541 the
1028 511 1111 541 view
1132 510 1168 541 of
1188 510 1384 548 Laterensis,
1399 510 1454 541 the

129 552 339 584 intercession
355 553 392 583 of
403 553 458 583 the
473 551 578 583 father
593 553 627 583 in
643 553 693 584 his
709 551 796 584 son’s
810 552 926 584 behalf
939 553 1048 584 would
1066 553 1108 584 be
1123 563 1214 584 more
1230 553 1332 594 likely
1347 558 1382 584 to
1397 552 1456 584 tell

128 596 254 637 against
269 595 338 627 him
355 595 433 626 than
446 595 480 626 in
495 595 544 626 his
560 594 612 625 sav
614 605 684 626 our.

191 658 453 697 pater-debet]
484 659 571 699 quod
604 658 645 689 de
673 662 767 699 patre
793 659 883 695 dicit,
905 659 988 690 illud
1010 665 1078 697 est;
1101 671 1175 691 cum
1198 661 1350 702 princeps
1372 665 1456 692 esset

129 703 377 743 publicanorum
394 703 456 733 Cn.
476 701 601 732 Plancii
618 707 721 742 pater,
739 707 770 732 et
789 702 928 733 societas
948 703 1063 733 eadem
1088 704 1120 733 in
1143 704 1331 735 exercendis
1353 704 1453 734 vecti-

129 745 257 786 galibus
272 745 464 786 gravissimo
480 745 601 774 damno
619 744 784 774 videretur
806 745 945 780 adfecta,
969 746 1188 776 desideratum
1212 752 1260 777 est
1283 746 1318 777 in
1340 752 1454 778 senatu

129 788 260 819 nomine
285 788 544 836 publicanorum,
571 792 606 817 ut
634 797 707 817 cum
731 787 777 817 eis
799 787 882 817 ratio
906 793 1072 828 putaretur
1095 789 1166 829 lege
1192 789 1395 829 Sempronia„
1423 795 1456 820 et

129 831 327 862 remissionis
350 836 477 861 tantum
498 830 588 860 fielet
611 830 652 860 de
675 840 801 859 summa
824 831 973 870 pecunia,
997 837 1155 871 quantum
1179 833 1324 879 aequitas
1346 836 1456 872 postu-

129 873 220 911 laret,
240 884 300 915 pro
315 875 496 914 quantitate
512 873 716 910 damnorum,
737 872 854 912 quibus
870 872 997 904 fuerant
1013 873 1145 904 hostili
1139 874 1324 905 incursione
1335 874 1455 905 vexati.

131 916 247 947 Adfuit
279 916 377 956 igitur
408 916 529 946 Caesar
559 925 676 946 causae
706 915 964 956 publicanorum.
1014 916 1164 947 Caesaris
1187 916 1357 947 desideriis
1379 927 1457 947 con-

131 960 261 990 tradixit
283 969 342 1000 pro
364 958 475 998 vigore
499 958 637 989 duritiae
661 968 738 988 suae
766 958 814 989 M.
844 958 939 996 Cato,
968 963 1000 989 et
1027 959 1115 990 diem
1140 964 1246 990 totum
1269 959 1457 1000 prolixitate

131 1002 286 1033 orationis
309 1012 386 1032 suae
409 1001 594 1041 occupavit,
617 1006 652 1031 ut
676 1006 807 1031 senatus
829 1001 1026 1032 decernendi
1049 1003 1192 1042 spatium
1218 1012 1285 1033 non
1309 1002 1457 1033 haberet.

132 1046 175 1076 Et
205 1045 238 1075 id
269 1050 396 1085 tempus
427 1054 504 1084 ergo
534 1044 721 1075 Laterensis
749 1044 963 1075 denotaverat
994 1044 1192 1075 invidiosum
1224 1045 1359 1076 Plancio
1389 1055 1458 1076 esse

131 1088 293 1123 debuisse,
310 1087 484 1128 quominus
500 1085 590 1117 fieret
606 1086 732 1122 aedilis,
749 1087 882 1127 quando
898 1092 991 1128 pater
1005 1087 1073 1118 eius
1094 1088 1255 1128 quaedam
1278 1087 1411 1118 liberius
1426 1094 1459 1119 et

131 1133 270 1162 exertius
286 1131 440 1161 adversus
456 1130 615 1170 quosdam
632 1130 790 1170 primores
807 1136 937 1160 senatus
954 1130 987 1160 in
1000 1130 1250 1171 publicanorum
1262 1130 1458 1170 allegatione

132 1174 277 1205 dixisset.
324 1173 363 1204 Id
388 1178 518 1203 revocat
542 1178 650 1203 orator
673 1173 716 1203 ad
739 1172 975 1209 defensionem,
1000 1173 1128 1204 licuisse
1151 1173 1263 1204 dicens
1285 1173 1459 1215 unicuique

129 1217 173 1248 de
188 1219 253 1248 suis
268 1216 394 1247 iniuriis
410 1216 510 1247 libere
526 1215 691 1256 conqueri.
740 1223 868 1246 SCHOL.
885 1223 1043 1247 AMBROS.

194 1294 219 1323 1.
238 1295 288 1323 15.
333 1291 388 1330 ut]
411 1292 490 1322 used
508 1291 597 1322 osan
613 1291 803 1332 impossible
819 1290 1024 1332 supposition
1048 1295 1106 1332 put
1130 1290 1407 1332 interrogatively,
1424 1296 1458 1323 to

141 1346 263 1376 express
286 1335 491 1376 indignation
516 1345 552 1365 or
573 1335 723 1375 surprise,
750 1335 863 1365 Madv.
883 1336 939 1365 Gr.
956 1335 973 1371 ἓ
991 1343 1051 1374 353
1073 1335 1146 1370 obs„
1166 1335 1261 1374 Roby
1283 1342 1309 1365 11
1327 1336 1344 1372 ξ
1364 1335 1454 1374 1708,

135 1379 244 1409 Kenn.
262 1378 320 1409 Gr.
337 1389 369 1418 p.
388 1380 461 1417 438,
479 1378 598 1418 Zumpt
615 1378 671 1408 Gr.
692 1376 800 1416 ἔδον).
846 1377 898 1408 Cf.
921 1377 1014 1408 Verr.
1041 1385 1083 1407 111
1111 1387 1150 1408 10
1171 1379 1188 1415 ἓ
1214 1376 1253 1408 ‘26
1277 1377 1393 1408 iudicio
1415 1382 1460 1407 ut

132 1426 246 1452 arator
263 1422 479 1451 decumanum
491 1420 739 1461 persequatur&
761 1421 832 1451 Cat.
854 1427 866 1450 Ι
883 1421 899 1457 ξ
916 1429 954 1451 22
977 1424 1014 1450 lu
1033 1424 1076 1450 ut
1096 1420 1200 1450 ullam
1213 1420 1336 1460 fugam
1360 1420 1458 1451 medi-

133 1464 218 1495 tere?
238 1468 276 1495 lu
298 1469 341 1494 ut
361 1464 497 1494 exilium
519 1464 639 1503 agiles,
662 1464 760 1494 Tusc.
787 1470 814 1493 11
836 1464 853 1500 ξ
874 1475 893 1501 4
899 1472 914 1500 3
937 1473 1030 1503 egone
1053 1467 1094 1492 ut
1115 1467 1144 1493 te
1158 1463 1379 1503 interpellem?
1405 1466 1458 1493 ‘to

134 1506 229 1538 think
254 1506 292 1538 of
313 1517 369 1547 my
392 1507 610 1547 interrupting
632 1506 732 1546 you!'
776 1508 815 1536 in
837 1508 966 1536 iudicio
990 1505 1130 1544 capitis]
1156 1511 1214 1536 not
1238 1505 1315 1545 only
1340 1516 1360 1536 a
1383 1505 1458 1536 trial

134 1550 184 1581 sor
205 1549 261 1581 life
284 1550 343 1580 but
370 1559 434 1589 any
454 1549 528 1579 trial
550 1549 657 1580 which
681 1549 792 1579 assects
816 1559 835 1578 a
857 1547 961 1578 man's
984 1549 1138 1588 standing
1160 1559 1195 1579 as
1217 1559 1237 1579 a
1259 1549 1385 1584 citizen,
1408 1548 1459 1579 his

134 1593 237 1634 rights
253 1593 290 1623 of
301 1593 429 1631 libert),
443 1592 633 1632 citizenship
649 1592 714 1622 and
734 1591 845 1639 family
860 1591 926 1628 (libe
926 1595 1062 1627 rtatem,
1078 1591 1248 1627 civilatem,
1256 1591 1334 1631 sitm
1338 1591 1458 1631 ιίίαηι),

135 1636 190 1666 the
205 1636 271 1667 loss
287 1635 323 1666 of
336 1635 442 1666 nhich
459 1645 524 1666 was
540 1634 644 1666 called
659 1635 792 1665 dchnlnz
795 1635 837 1665 llo
851 1645 901 1674 ιιι
895 1634 974 1671 vtis,
990 1643 1017 1664 s.
1033 1644 1087 1674 my
1103 1644 1138 1666 n.
1155 1644 1198 1665 on
1214 1634 1255 1664 de
1270 1634 1325 1664 off.
1343 1641 1371 1664 11
1389 1635 1406 1672 ἓ
1420 1643 1459 1673 50

134 1679 158 1710 l·
177 1689 228 1717 24.

198 1755 222 1784 1.
242 1757 292 1784 16.
337 1755 375 1784 in
400 1755 621 1784 dimicatione
645 1752 967 1791 fortunarum]=de
990 1751 1205 1789 fortunis‚‘
1214 1751 1247 1782 in
1273 1762 1292 1783 a
1311 1751 1458 1800 struggle

135 1796 187 1827 for
200 1797 251 1827 his
267 1797 322 1827 all.
327 1795 335 1808 ’
380 1797 431 1827 Cf.
449 1798 465 1834 ξ
484 1805 519 1835 77
539 1797 560 1826 l.
580 1805 596 1834 3
614 1797 698 1826 vitae
711 1796 984 1826 dimicationes
1003 1797 1159 1826 ‘contests
1175 1794 1224 1825 sor
1239 1793 1319 1832 lifes
1335 1805 1382 1825 or.
1400 1805 1458 1835 pro

137 1841 223 1870 Mur.
239 1841 291 1878 §8
313 1850 349 1870 m
372 1840 519 1880 capitis
533 1839 794 1875 dimicatonne
814 1849 861 1869 or.
879 1839 920 1868 de
937 1848 1029 1878 prov.
1047 1848 1135 1868 cons.
1152 1839 1237 1877 §23,
1257 1848 1303 1868 or.
1320 1848 1354 1878 p.
1373 1838 1457 1868 Rab.

137 1883 229 1924 perd.
255 1884 272 1920 ξ
299 1892 315 1922 5
343 1883 380 1912 in
411 1887 505 1913 tanta
534 1882 792 1912 dimicatione
827 1881 1096 1921 capitzs‚fi1mae
1119 1880 1461 1929 fortunarumque

136 1926 296 1963 omnium,
314 1935 360 1956 or.
381 1936 413 1966 p.
431 1925 503 1955 Mil.
529 1926 545 1962 ἓ
573 1934 631 1955 100
656 1935 683 1955 sz
709 1935 790 1964 quaa
810 1934 860 1954 zzs
884 1928 928 1955 cst
947 1928 1077 1964 pamla,
1101 1924 1132 1954 si
1152 1934 1235 1964 quae
1257 1923 1459 1954 dimicatio

137 1968 424 2010 capztz'sfulura,
443 1978 491 1998 or.
509 1978 541 2009 p.
560 1967 652 1998 Balb.
673 1968 689 2005 ἓ
708 1977 759 2007 23.

201 2045 293 2074 1.1⁷.
338 2043 414 2082 qui]
436 2053 480 2074 sc.
508 2046 628 2083 pater.
662 2045 888 2080 turpissimus
917 2042 1058 2083 pertinet
1083 2041 1125 2072 ad
1153 2041 1255 2072 vitam
1281 2045 1313 2073 et
1339 2051 1455 2078 mores,

136 2088 402 2124 sordidissimus,
432 2087 473 2116 ad
501 2086 693 2125 dignitatem
720 2087 847 2125 generis
874 2091 906 2116 et
936 2085 1069 2116 ordinis.
1114 2092 1269 2115 WEISKE.
1322 2084 1457 2116 Trans.:

143 2131 243 2160 ‘were
258 2129 299 2161 he
315 2132 390 2160 eVer
404 2139 440 2160 so
456 2129 594 2174 morally
611 2129 786 2169 depraved,
804 2138 880 2160 ever
894 2138 931 2159 so
947 2126 1145 2160 base-born.'

201 2205 291 2234 1.18.
334 2205 411 2240 ipso
434 2205 573 2234 nomine
597 2205 714 2240 patrio
740 2203 822 2243 cet]
849 2203 911 2244 ‘by
931 2203 982 2234 his
1005 2213 1094 2234 mere
1115 2212 1212 2233 name
1235 2201 1272 2233 of
1290 2201 1396 2233 father
1417 2201 1459 2234 he

140 2246 249 2277 would
263 2245 346 2278 have
361 2246 521 2278 influence
537 2247 615 2277 with
631 2246 777 2278 merciful
793 2247 858 2278 and
873 2247 1076 2278 considerate
1087 2244 1227 2287 judges.’
