1626 2488
190 117 240 161 84
578 115 698 154 PRO
738 116 824 154 CN.
855 116 1119 154 PLANCIO
1263 113 1340 166 [XI
1369 115 1510 163 §28—

187 198 286 228 etiam
310 198 482 230 videbatur
507 198 569 231 hac
591 205 752 241 potestate
775 200 905 240 segnius
928 200 1066 231 sunctuS.
1115 199 1278 239 Quoniam
1303 198 1409 230 nullas
1431 209 1509 239 ergo

187 240 323 272 virtutes
339 242 610 273 eminentissimas
625 243 750 278 habuit,
768 254 848 284 quas
869 244 910 274 de
931 243 989 274 illo
1011 243 1223 284 praedicaret,
1242 242 1364 273 idcirco
1386 242 1510 282 aliquid

188 283 218 314 ei
234 283 346 314 volens
359 285 528 324 adquirere
544 285 585 315 ad
599 286 815 326 suspicionem
832 286 982 326 ignaviae
997 285 1217 327 repellendam
1238 286 1245 300 ‘
1256 295 1321 315 non
1334 290 1401 315 tam
1413 284 1508 315 vehe-

188 324 300 356 mens'
330 326 437 367 inquit
468 327 636 358 ‘tribunus
667 328 725 358 suit
755 339 853 369 quam
883 328 1004 359 ceteri.’
1073 329 1116 358 Et
1145 327 1301 358 vivaciter
1330 327 1507 358 conclusit:

193 370 201 383 ‘
212 368 323 408 quales
339 369 365 399 si
381 379 494 400 omnes
510 380 637 410 semper
652 370 796 406 fuissent,
813 381 991 411 numquam
1007 370 1208 401 desideratus
1228 370 1403 401 vehemens
1426 375 1509 400 esset

189 411 369 450 tribunus3'
394 411 428 442 id
453 412 564 443 volens
587 413 732 453 intellegi
757 423 816 454 per
837 413 1008 444 seditiosos
1029 419 1059 444 et
1081 413 1408 444 turbulentissimos...
1428 420 1505 443 SCH.

189 461 302 485 ΑΜΒΚ.
344 453 429 485 Cum
441 454 610 486 Plancium
623 457 752 495 segnius
764 456 928 486 tribunatu
942 466 999 486 suo
1013 466 1110 496 quam
1127 456 1284 496 quosdam
1302 455 1510 496 conlegarum

188 496 335 527 sunctum
361 496 478 528 Cicero
504 507 623 538 negare
647 508 712 528 non
736 504 855 538 posset,
876 498 1006 529 laudem
1027 499 1056 529 ei
1076 499 1246 539 adquirere
1270 509 1309 529 ex
1329 508 1368 529 eo
1388 499 1505 535 studet,

189 539 277 580 quod
293 539 375 570 nihil
392 539 424 570 in
440 540 605 571 tribunatu
621 540 780 571 eiusmodi
803 541 936 571 molitus
957 541 1009 576 sit,
1026 546 1061 572 ut
1085 541 1149 582 qui
1173 541 1422 572 obsisterent
1445 541 1509 572 tri-

189 582 303 613 bunis
319 582 624 613 vehementibus
639 593 738 623 opus
754 583 896 620 suerit;
920 590 1070 624 recteque
1086 594 1163 614 sane
1179 594 1355 624 numquam
1369 583 1509 614 futurum

188 624 286 655 fuisse
302 630 424 659 monet,
440 631 475 656 ut
491 625 612 656 tribuni
628 626 836 656 vehementes
854 626 1122 663 desiderarentur,
1137 627 1162 656 si
1179 637 1291 656 omnes
1307 632 1341 657 ut
1359 626 1510 657 Plancius

189 678 208 697 a
234 667 330 698 rebus
353 668 446 698 novis
473 667 647 698 moliendis
672 679 741 699 sese
767 668 1008 699 abstinuissent.
1065 669 1118 699 Ita
1144 669 1203 699 etsi
1230 669 1309 700 scite
1335 674 1367 700 ct
1394 669 1511 700 callide

192 710 304 741 l'lanci
328 711 529 741 tribunatum
550 711 672 745 laudat.
701 722 812 742 revera
838 717 947 742 tamen
974 711 1118 742 minume
1141 722 1201 742 nec
1227 711 1333 752 potuit
1359 712 1508 753 probare,

189 763 264 784 cum
286 753 373 783 illius
395 753 472 784 anni
496 758 644 794 tempora
667 753 861 793 flagitarent,
884 760 920 785 ut
942 754 1145 785 vehementis
1167 765 1201 785 se
1224 754 1345 785 tribuni
1368 761 1510 795 praesta-

190 801 271 833 rent,
290 796 346 837 qui
362 801 449 826 recte
464 797 661 836 gubernasse
682 807 785 837 remp.
802 796 906 827 videri
929 797 1062 832 vellent,
1085 807 1145 827 nec
1167 797 1318 837 probavit
1340 807 1506 839 umquam,

189 839 245 869 ubi
262 849 300 870 ex
316 839 417 869 animi
433 839 595 870 sententia
610 839 651 870 de
667 839 805 870 tribunis
821 839 908 870 illius
923 839 1000 870 anni
1016 839 1172 870 iudicium
1188 839 1274 871 fecit.
1315 847 1361 870 w.

251 907 277 935 1.
295 908 325 935 9.
371 913 476 942 quam
491 905 566 943 isti]
590 904 645 935 the
662 904 807 936 tribunes
825 904 863 935 of
881 904 937 935 the
959 915 1037 945 year
1059 912 1129 936 B.C.
1155 913 1205 944 57,
1234 905 1322 945 eight
1346 905 1383 936 of
1400 906 1511 936 whom

189 958 275 978 were
298 948 331 978 in
354 947 469 978 favour
488 948 525 978 of
545 948 670 978 Cicero.
719 948 791 978 The
808 953 889 978 term
905 948 1070 978 veham-ns
1084 958 1150 979 was
1165 949 1303 979 suitable
1319 954 1353 979 to
1368 949 1407 979 T.
1428 949 1511 979 Milo

189 991 253 1020 and
272 991 307 1021 P.
327 990 451 1021 Sestius
468 996 618 1032 amongst
634 991 735 1025 them,
753 991 892 1021 because
907 991 951 1031 by
966 991 1050 1021 their
1065 996 1163 1022 street
1179 990 1276 1030 fights
1295 991 1371 1031 they
1387 991 1511 1022 carried

189 1034 245 1064 the
267 1038 377 1064 return
397 1034 434 1064 of
451 1034 579 1069 Cicero,
604 1034 684 1064 Intr.
710 1035 726 1071 ἓ
749 1044 777 1065 2.
827 1034 858 1064 It
879 1044 946 1064 was
969 1039 1028 1064 not
1050 1034 1236 1074 applicable
1258 1039 1293 1065 to
1317 1044 1382 1074 any
1401 1033 1438 1064 of
1456 1034 1512 1066 the

189 1077 373 1116 colleagues
399 1076 437 1107 of
464 1077 616 1107 Plancius
643 1076 680 1107 of
701 1077 757 1107 the
781 1087 857 1117 year
885 1076 935 1115 56,
965 1082 1117 1116 amongst
1141 1077 1251 1107 whom
1275 1087 1324 1107 we
1351 1077 1452 1107 know
1478 1076 1518 1108 of

191 1120 229 1150 L.
250 1119 405 1157 Racilius,
425 1130 445 1150 a
460 1119 565 1150 friend
581 1119 619 1150 of
631 1119 686 1150 the
702 1130 766 1150 cos.
787 1119 957 1152 Lentulus,
975 1120 1137 1150 Antistius
1153 1119 1256 1150 Vetus
1272 1120 1337 1150 and
1361 1119 1397 1151 P.
1418 1119 1511 1150 Ruti-

190 1162 251 1193 lius
276 1162 398 1203 Lupus,
418 1173 460 1192 an
483 1173 600 1203 enemy
615 1163 653 1193 of
672 1162 819 1199 Clodius,
846 1163 910 1192 and
935 1162 974 1193 C.
1003 1162 1087 1192 Cato
1110 1162 1174 1192 and
1200 1162 1237 1193 C.
1265 1162 1407 1198 Cassius,
1430 1162 1513 1194 both

191 1205 312 1236 friends
332 1205 370 1236 of
388 1205 535 1236 Clodius.
585 1205 771 1236 Laterensis
787 1205 906 1235 indeed
922 1205 1084 1235 mentions
1101 1204 1245 1235 Racilius
1260 1206 1277 1242 ἓ
1296 1213 1344 1244 77,
1363 1205 1421 1236 but
1437 1216 1514 1246 may

190 1248 273 1278 have
295 1248 329 1278 in
352 1248 403 1279 his
425 1248 545 1289 speech
560 1248 703 1279 extolled
720 1248 775 1278 the
791 1247 925 1288 activity
941 1248 978 1278 of
990 1248 1045 1278 the
1061 1248 1179 1278 former
1195 1248 1349 1285 tribunes,
1368 1247 1402 1278 in
1418 1249 1512 1279 order

190 1297 225 1321 to
247 1291 432 1332 depreciate
456 1291 511 1322 the
533 1291 672 1323 services
695 1291 732 1322 of
751 1290 904 1322 Plancius
927 1295 961 1322 to
985 1290 1100 1322 Cicero
1123 1291 1166 1331 by
1186 1290 1236 1322 his
1259 1291 1457 1332 description
1479 1291 1518 1322 of

190 1333 289 1364 them.
336 1337 460 1366 KoPKE

687 1460 913 1492 CHAPTER
936 1460 1007 1491 XII

254 1548 271 1586 ἓ
288 1550 353 1584 29,
376 1549 465 1578 1.12.
510 1549 549 1578 in
579 1546 796 1586 scaena]=in
827 1550 1041 1587 conspectu
1072 1545 1251 1582 omnium,
1284 1545 1332 1576 lit.
1367 1547 1428 1576 ‘on
1457 1545 1512 1576 the

190 1595 281 1631 stage
304 1590 324 1622 i.
337 1601 366 1621 e.
392 1590 429 1621 of
451 1591 563 1631 public
587 1589 665 1626 lifess
693 1601 712 1620 a
737 1590 921 1630 proverbial
948 1590 1148 1629 expression,
1174 1590 1215 1620 cf.
1244 1588 1434 1620 Pseudocic.
1459 1599 1512 1629 ep.

190 1634 232 1664 ad
250 1635 338 1664 Brut.
360 1641 371 1664 1
389 1643 408 1674 9
424 1635 440 1671 ἓ
458 1644 474 1664 2
491 1633 554 1663 tihi
567 1643 657 1663 nunc
666 1633 784 1673 populo
799 1637 829 1662 et
846 1642 1015 1669 scaenae,
1040 1636 1079 1662 ut
1096 1632 1229 1669 dicitur,
1248 1632 1451 1662 serviendum
1471 1635 1515 1662 cst

190 1677 247 1707 i.e.
273 1680 357 1716 ‘you
386 1682 472 1706 must
504 1676 568 1706 live
601 1676 635 1706 in
660 1676 716 1706 the
739 1675 851 1715 public
875 1673 959 1715 eye,'
984 1675 1025 1705 de
1050 1681 1130 1705 orat.
1160 1682 1202 1705 111
1227 1676 1244 1711 ξ
1268 1673 1337 1710 162,
1363 1673 1515 1714 quamvis

188 1720 359 1759 sphaeram
382 1719 419 1749 in
445 1729 638 1754 scaenam,
660 1723 697 1748 ut
714 1718 846 1755 dicitur,
873 1717 1022 1747 allnlerit
1043 1718 1192 1752 Ennius,
1218 1716 1262 1748 ib.
1286 1725 1314 1747 ΙΙ
1339 1718 1355 1754 ἓ
1376 1718 1448 1756 338,
1472 1717 1514 1748 de

189 1773 254 1792 am.
272 1763 288 1799 ,S
304 1770 355 1801 97,
377 1761 460 1792 Hor.
483 1762 552 1792 Sat.
568 1769 595 1792 ΙΙ
614 1772 639 1799 1,
657 1769 691 1798 71
712 1761 769 1791 ubi
781 1772 812 1791 se
826 1771 846 1790 a
861 1761 949 1799 volgo
964 1765 992 1790 et
1005 1770 1142 1790 scaena
1158 1761 1193 1790 in
1209 1764 1324 1790 sccrclaez
1339 1764 1512 1795 remorant,

189 1805 278 1836 Ovid
294 1805 391 1835 Trist.
413 1812 425 1835 1
443 1814 462 1845 9
477 1804 500 1834 l.
517 1806 558 1844 48
573 1815 633 1834 sca
641 1815 710 1834 ena
727 1809 838 1834 manet
851 1804 934 1834 doles
944 1803 1095 1843 grandis,
1114 1803 1224 1839 amice,
1241 1807 1325 1833 tuas.

254 1859 286 1887 si
306 1859 506 1888 minus-at
528 1857 635 1895 certe]
670 1856 718 1887 ‘if
736 1861 892 1897 not—yet
916 1861 949 1887 at
974 1856 1077 1891 least.'
1103 1856 1141 1887 cf.
1171 1857 1188 1894 ξ
1214 1865 1252 1895 35
1281 1855 1301 1886 l.
1328 1864 1378 1895 32,
1405 1866 1453 1887 or.
1478 1866 1512 1897 p.

191 1899 228 1930 P.
246 1899 378 1939 Quinct.
395 1901 411 1938 ἓ
429 1908 468 1942 97
490 1900 661 1930 obsecravit
680 1904 719 1930 ut
738 1900 897 1941 aliquam,
914 1900 949 1930 si
966 1910 1040 1930 non
1056 1899 1327 1940 propinquitatis,
1344 1903 1384 1929 at
1401 1900 1514 1929 aetatis

188 1953 274 1979 suae,
294 1943 328 1972 si
342 1953 418 1973 non
441 1943 598 1977 hominis,
614 1947 655 1973 at
669 1943 888 1973 ltumanilalis
904 1943 1060 1973 rationem
1075 1942 1213 1979 haberet,
1233 1952 1280 1972 or.
1298 1952 1329 1982 p.
1350 1941 1422 1972 Mil.
1439 1943 1456 1980 ἓ
1472 1951 1511 1983 93

188 1986 224 2016 si
252 1985 336 2015 milti
357 1986 438 2015 laona
464 1995 500 2016 re
521 1986 652 2026 publica
672 1985 755 2027 frui
777 1996 842 2016 non
869 1985 1002 2024 licuerit,
1031 1989 1072 2015 at
1098 1985 1206 2015 carebo
1229 1985 1328 2015 mala.
1376 1983 1428 2016 Cf.
1453 1984 1512 2016 Gr.

190 2029 218 2058 εἰ
229 2026 412 2066 ,αὴ-ἀλλά,
434 2027 594 2059 Devarius
610 2029 651 2059 de
667 2034 751 2069 part.
768 2029 821 2060 ed.
838 2028 946 2066 Klotz,
966 2039 998 2069 p.
1019 2028 1049 2064 6,
1067 2038 1101 2069 p.
1122 2038 1170 2068 14.

251 2093 275 2122 1.
295 2094 344 2122 13.
388 2094 431 2122 ut,
445 2093 545 2123 vivat
559 2100 637 2123 cum
653 2092 739 2131 suis]
767 2092 860 2124 ‘how
875 2092 917 2124 he
933 2093 1013 2124 lives
1030 2092 1109 2124 with
1126 2093 1177 2123 his
1194 2091 1331 2134 family.’

251 2157 276 2184 1.
294 2157 343 2184 14.
387 2154 516 2193 pietas]
539 2154 634 2185 ‘filial
651 2153 754 2196 duty‚’
771 2155 847 2186 here
864 2155 1032 2187 described
1049 2166 1084 2186 as
1091 2156 1351 2195 fimdamentum
1367 2156 1512 2188 omm'mn

187 2197 364 2234 virtulum,
380 2197 414 2228 in
431 2199 446 2236 ἓ
462 2199 504 2229 80
519 2197 541 2228 1.
557 2197 577 2229 6
595 2209 630 2228 as
645 2199 796 2229 voluntas
806 2203 904 2239 grata
922 2199 958 2230 in
967 2200 1129 2240 parentis.

250 2263 276 2292 1.
293 2264 343 2292 15.
387 2264 498 2294 muno
514 2262 627 2302 secus]
650 2273 694 2294 sc.
711 2273 753 2294 ac
770 2263 872 2295 deus.
