1593 2488
118 117 163 142 22
452 103 512 140 M
549 101 728 141 TVLLI
762 98 1085 140 CICERONIS
1225 94 1364 149 [XXII
1386 106 1434 145 53

114 190 450 230 Plancius?’—an
470 203 548 228 una
566 188 648 228 fieri
673 195 898 239 potuerunt,
925 187 956 225 si
980 200 1058 225 una
1077 185 1200 224 tribus
1224 198 1306 223 non
1331 182 1436 223 tulis-

113 264 199 295 sent
211 258 342 294 ?—‘at
361 268 443 294 non
462 256 589 293 nullas
608 254 762 304 punctis
782 267 906 304 paene
926 251 1115 292 ‘totidem’
1164 249 1321 300 quippe,
1342 262 1434 287 cum

112 319 190 358 iam
216 318 306 357 facti
329 332 450 369 prope
474 318 733 368 superioribus
754 316 920 356 comitiis
941 314 1205 364 declaratique
1223 313 1433 352 venissent.

112 396 352 433 quamquam
384 396 435 420 ne
464 381 503 420 id
536 381 697 431 quidem
730 381 992 431 suspicionem
1022 379 1202 418 coitionis
1229 377 1433 416 habuerit:

111 460 241 497 neque
269 447 371 486 enim
392 460 581 496 umquam
607 446 773 484 maiores
800 445 921 483 nostri
947 444 1190 483 sortitionem
1216 441 1431 481 constituis·
1468 460 1483 485 5

112 519 198 549 sent
217 510 448 556 aediliciam,
470 509 543 547 nisi
562 509 738 548 viderent
758 508 934 547 accidere
960 521 1075 558 posse
1094 516 1137 545 ut
1157 506 1433 556 competitores

43 584 92 621 54
111 589 222 625 pares
251 575 438 624 suffragiis
467 582 608 612 essent.
667 581 705 611 et
731 573 786 611 ais
812 572 1003 622 prioribus
1033 571 1198 610 comitiis
1218 570 1432 609 Aniensem

111 652 135 677 a
163 639 292 678 Plotio
321 639 456 683 Pedio,
482 637 707 676 Teretinam
737 651 760 676 a
786 636 947 675 Plancio
974 636 1044 674 tibi
1070 649 1153 674 esse
1183 647 1428 674 concessam:

110 717 216 742 nunc
235 705 286 742 ab
306 711 471 752 utroque
488 716 552 740 eas
569 703 732 750 avolsas,
756 715 805 740 ne
821 701 860 739 in
876 709 1084 751 angustum
1095 699 1281 738 venirent.
1313 712 1432 749 quam

110 768 486 807 convenit'nondum
502 766 658 816 cognita
673 765 807 815 populi
818 766 1019 803 voluntate
1034 766 1118 810 hos,
1133 777 1231 814 quos
1250 763 1329 802 iam
1350 772 1431 803 tum
1451 782 1482 799 ιο

109 832 342 871 coniunctos
370 831 489 870 fuisse
518 831 626 877 dicis,
655 830 843 868 iacturam
871 843 1028 868 suarum
1056 829 1238 876 tribuum,
1260 842 1340 879 quo
1361 843 1432 868 vos

109 896 401 943 adiuvaremini,
422 895 582 935 fecisse:
611 896 785 941 eosdem,
807 907 898 933 cum
917 893 994 932 iam
1015 901 1145 932 essent
1170 892 1317 943 experti
1337 893 1433 943 quid

107 964 292 1008 valerent,
322 961 519 1000 restrictos
553 968 592 999 et
625 959 774 998 tenacis
807 959 954 998 fuisse?
1006 958 1150 997 etenim
1185 960 1430 1006 verebantur,

109 1027 238 1071 credo,
277 1024 500 1074 angustias,
539 1024 650 1074 quasi
688 1037 748 1062 res
785 1022 827 1061 in
860 1021 1155 1061 contentionem
1189 1029 1256 1059 aut
1284 1020 1325 1059 in
1358 1021 1433 1060 dis-

108 1089 255 1128 crimen
286 1089 447 1139 aliquod
475 1096 609 1139 posset
637 1087 780 1126 venire.
839 1088 908 1126 sed
938 1095 1070 1125 tamen
1101 1094 1142 1124 tu
1176 1087 1220 1123 A.
1246 1086 1428 1134 Plotium,
1450 1102 1482 1127 15

106 1153 231 1191 virum
261 1153 561 1200 ornatissimum,
582 1152 624 1191 in
651 1152 758 1191 idem
787 1151 934 1190 crimen
951 1152 1134 1189 vocando
1161 1149 1312 1189 indicas
1341 1164 1431 1189 eum

107 1226 146 1256 te
167 1217 392 1267 adripuisse,
414 1231 437 1256 a
457 1230 537 1266 quo
556 1229 639 1255 non
658 1216 709 1254 sis
728 1217 916 1265 rogatus?
970 1227 1061 1252 nam
1081 1214 1190 1263 quod
1210 1220 1368 1262 questus
1389 1226 1431 1252 es

107 1282 226 1332 pluris
255 1289 294 1321 te
322 1282 431 1320 testis
460 1282 603 1320 habere
632 1281 683 1319 de
711 1279 887 1319 Voltinia
915 1292 1034 1329 quarn
1063 1286 1159 1327 quot
1186 1277 1227 1316 in
1255 1290 1302 1316 ea
1329 1277 1430 1317 tribu

106 1354 254 1396 puncta
273 1345 415 1392 tuleris,
437 1345 587 1384 indicas
608 1353 675 1383 aut
700 1357 768 1383 eos
794 1343 902 1382 testis
929 1351 968 1382 te
993 1345 1219 1393 producere,
1241 1344 1317 1394 qui,
1339 1343 1431 1395 quia

106 1423 288 1448 nummos
317 1409 548 1459 accepen'nt‚
569 1416 608 1447 te
633 1407 909 1458 praeterierint,
931 1416 998 1447 aut
1023 1416 1062 1447 te
1087 1421 1138 1446 ne
1159 1408 1326 1459 gratuita
1345 1408 1429 1459 qui·
1446 1429 1479 1446 20

39 1474 87 1511 55
108 1473 199 1512 dem
229 1486 364 1511 eorum
394 1472 574 1522 suffragia
606 1471 751 1510 tulisse.
827 1472 974 1509 XXIII
1029 1470 1126 1510 illud
1162 1485 1255 1511 vero
1282 1471 1429 1511 crimen

107 1538 158 1576 de
178 1538 359 1585 nummis,
378 1550 476 1586 quos
496 1537 536 1575 in
560 1536 663 1575 circo
684 1535 878 1574 Flaminio
894 1537 1160 1585 deprehensos
1181 1549 1266 1575 esse
1285 1535 1427 1584 dixisti,

108 1601 225 1640 caluit
244 1616 284 1640 re
303 1602 462 1645 recenti,
482 1615 587 1639 nunc
605 1601 646 1638 in
672 1614 789 1638 causa
813 1599 980 1638 refrixit:
1008 1613 1136 1649 neque
1160 1600 1264 1639 enirn
1291 1600 1356 1651 qui
1375 1601 1429 1639 illi

107 1666 258 1704 nummi
290 1665 429 1704 fuerint
462 1678 536 1704 nec
567 1678 668 1714 quae
701 1665 823 1703 tribus
854 1677 928 1702 nec
958 1662 1024 1714 qui
1061 1663 1205 1702 divisor
1242 1664 1426 1704 ostendis.

106 1739 225 1780 atque
257 1729 288 1768 is
319 1729 478 1780 quidem
512 1730 677 1768 eductus
705 1729 755 1767 ad
784 1730 975 1774 consules,
1007 1727 1073 1777 qui
1101 1735 1183 1766 tum
1211 1728 1249 1766 in
1281 1729 1427 1768 crimen
1445 1748 1476 1772 25

105 1797 330 1841 vocabatur,
365 1807 406 1832 se
436 1794 569 1843 inique
605 1807 630 1832 a
665 1793 740 1832 tuis
772 1792 958 1831 iactatum
987 1793 1152 1842 graviter
1181 1795 1425 1841 querebatur.

107 1858 173 1908 qui
201 1858 232 1896 si
257 1866 338 1897 erat
359 1857 513 1903 divisor,
534 1856 760 1907 praesertim
787 1856 879 1903 eius,
902 1870 1019 1906 quem
1045 1864 1087 1894 tu
1112 1857 1285 1895 habebas
1304 1870 1426 1904 reum,

107 1936 175 1961 cur
201 1924 271 1962 abs
300 1931 338 1961 te
367 1935 454 1961 reus
482 1934 563 1960 non
592 1929 651 1960 est
679 1922 833 1959 sactus?
861 1933 928 1958 cur
955 1933 1036 1958 non
1064 1919 1144 1957 eius
1173 1920 1426 1960 damnatione

108 1985 255 2034 aliquid
274 1987 324 2023 ad
345 1987 421 2024 hoc
440 1984 626 2023 iudicium
646 1983 872 2034 praeiudicii
893 1982 1158 2033 comparasti?
1208 1984 1277 2021 sed
1297 1996 1425 2033 neque

108 2058 148 2088 tu
168 2051 266 2088 haec
284 2051 404 2088 habes
425 2062 554 2098 neque
573 2048 627 2087 eis
647 2048 811 2087 confidis
828 2062 836 2085 ε
865 2048 940 2086 alia
959 2055 997 2086 te
1015 2046 1124 2094 ratio,
1146 2046 1221 2085 alia
1240 2047 1424 2098 cogitatio
1442 2061 1476 2086 30

107 2115 158 2152 ad
191 2127 300 2164 spem
331 2113 442 2152 huius
474 2111 722 2162 opprimendi
753 2111 943 2150 excitavit.
1002 2123 1167 2160 magnae
1201 2119 1290 2149 sunt
1317 2110 1357 2148 in
1386 2117 1426 2150 te

109 2189 228 2226 opes;
257 2179 333 2216 late
353 2184 460 2227 patet
479 2175 624 2225 gratia:
654 2175 765 2213 multi
785 2174 912 2221 amici,
933 2173 1043 2212 multi
1069 2172 1202 2222 cupidi
1222 2173 1290 2222 tui,
1313 2174 1425 2213 multi

107 2241 275 2278 fautores
290 2240 414 2278 laudis
427 2248 535 2287 tuae,
559 2238 671 2278 multi
691 2237 780 2277 huic
799 2237 976 2276 invident
984 2252 995 2286 3
1014 2236 1143 2275 multis
1164 2237 1280 2275 etiam
1299 2244 1421 2288 pater,
