1626 2488
183 92 232 129 86
572 89 692 128 PRO
733 89 819 128 CN.
849 88 1115 127 PLANCIO
1231 86 1331 140 [XII
1363 87 1505 137 §29—

246 177 270 204 1.
288 176 338 204 24.
385 175 584 205 domesticis
605 175 726 204 inusta.
751 175 846 204 notis
868 171 1044 211 veritatis]
1068 171 1107 203 cf.
1125 171 1226 213 Verg.
1244 172 1366 212 Georg.
1385 179 1429 203 111
1450 171 1510 211 158

185 221 277 247 notas
311 221 341 248 et
376 218 511 247 nomina
543 217 651 257 gentis
689 216 876 253 inurunt,
919 215 1015 246 Lucr.
1047 223 1085 246 VI
1119 223 1181 254 ⁴2¹9
1219 215 1353 245 inusta
1382 215 1512 255 vaporis

184 261 289 300 signa.
338 260 479 290 Inurere
504 260 531 290 is
556 258 683 300 usually
704 258 806 289 found
831 258 863 288 in
886 268 906 288 a
929 258 994 288 bad
1020 267 1113 288 sense
1141 261 1195 288 ‘to
1219 257 1342 288 brand’
1367 257 1425 288 i.e.
1455 258 1510 288 ‘to

185 302 388 343 stigmatize‚'
406 312 441 332 as
461 312 507 332 or.
529 302 562 332 in
585 302 659 333 Cat.
683 309 694 332 1
712 302 729 338 ἓ
749 311 784 340 ¹3
805 311 887 342 quae
906 306 980 330 nota
1001 300 1182 331 domesticae
1201 300 1422 340 tuaepitudinis
1445 310 1510 330 non

185 346 316 375 inusta
341 345 426 375 vilae
450 349 525 375 tuae
548 344 626 380 est?‚
651 354 697 375 or.
726 354 786 385 pro
814 343 945 374 Cluent.
971 344 989 381 ἓ
1014 352 1074 384 129
1101 343 1130 374 is
1152 343 1313 373 censoriae
1333 343 1512 374 severitatis

185 392 262 418 nola
278 397 344 417 non
361 387 403 418 in
412 392 551 418 uretur
561 387 577 418 ?

249 466 364 495 facilis
393 466 448 494 est
476 465 540 493 illa
569 464 761 493 occursatio
784 464 820 493 et
841 463 1016 493 blanditia.
1035 461 1229 500 popularis]
1257 461 1278 492 i.
1289 472 1316 492 e.
1346 461 1440 492 facile
1463 466 1511 492 est

186 507 310 548 populo
339 516 508 537 occursare
538 511 570 536 et
600 505 776 535 blanditias
806 504 913 535 dicere
944 505 1062 545 quibus
1092 505 1236 535 favorem
1261 505 1329 535 eius
1352 505 1412 535 tibi
1435 514 1512 535 con·

187 550 288 586 cilies,
313 549 389 580 licet
416 549 488 589 quis
513 558 589 578 vera
615 549 733 578 virtute
757 558 822 577 non
849 548 890 577 sit
913 547 1088 587 praeditus
1127 555 1171 577 w.
1218 547 1390 577 occzaersatio
1412 547 1440 578 is
1462 546 1508 578 lit.

189 592 357 633 ‘frequent
373 592 516 631 meeting
537 591 570 621 in
591 591 646 621 the
662 596 785 621 streets.
792 589 799 602 '
844 590 1038 620 Translate.
1067 590 1178 620 ‘those
1198 589 1336 630 friendly
1351 590 1514 621 advances

188 635 252 665 and
270 641 337 666 acts
353 634 389 665 of
406 634 637 674 complinients
657 633 722 663 and
743 637 892 672 courtesy
913 638 947 662 to
966 632 1021 662 the
1042 632 1160 673 people
1175 632 1255 663 with
1271 633 1378 663 which
1395 643 1444 663 we
1459 642 1514 663 are

190 678 328 708 familiar
346 675 428 717 (Ala)
446 686 500 706 are
517 686 602 716 easy.
610 675 617 687 '
656 675 705 706 Cf.
726 685 772 706 or.
791 685 822 715 p.
839 675 943 704 Mil.q
928 684 994 715 95
1011 680 1141 704 senatus
1156 679 1277 705 ’μείνας
1291 679 1320 705 et
1332 679 1514 706 zcstrorum

189 721 341 751 ordinum
366 719 651 750 occursationcs
673 718 782 748 studm
803 728 826 747 s
826 728 943 747 *erman
944 728 959 746 r
976 728 1077 747 secum
1098 728 1128 748 se
1147 717 1334 747 ablaturum
1350 718 1434 748 dzczsst
1482 717 1513 748 It

191 764 216 793 is
243 763 378 794 difficult
405 767 439 792 to
464 761 556 791 resist
580 761 738 801 adopting
764 760 843 790 with
869 759 990 800 Kopke
1017 760 1082 790 and
1110 760 1337 791 Hirschfelder
1363 759 1516 801 Campe's

191 805 326 846 reading
331 805 448 845 fallax
464 804 496 834 in
514 804 576 834 lieu
593 803 757 844 offlzcilz's.

254 881 276 910 1.
298 883 347 910 25.
392 862 577 917 aspicitur]
619 878 662 909 ‘it
691 883 794 909 meets
829 878 885 909 the
915 877 999 919 eye?
1051 879 1347 910 attrectatur=in
1383 889 1516 910 manus

191 923 371 959 sumitur,
395 922 576 953 manibus
599 922 754 954 teritur.
815 922 913 952 ‘Ideo
930 932 996 952 non
1013 921 1042 952 ei
1059 922 1155 953 valde
1172 921 1340 953 creditur.'

255 999 279 1026 1.
297 999 346 1026 26.
393 995 582 1034 excutitur]
601 999 607 1012 ‘
622 995 647 1025 is
665 993 862 1032 examined‚'
876 998 883 1011 ‘
896 994 1088 1035 inspected,'
1100 995 1272 1036 metaphor
1288 995 1371 1026 from
1387 995 1519 1036 turning

191 1049 212 1070 a
237 1039 397 1079 (garment
417 1038 465 1079 or)
489 1039 552 1079 bag
573 1039 678 1069 inside
700 1045 768 1075 out,
792 1039 849 1069 Gr.
867 1038 1007 1068 ἐκσείειν.
1054 1038 1105 1069 Cf.
1123 1039 1219 1069 Tuse.
1242 1046 1253 1069 1
1270 1039 1287 1076 ἓ
1303 1038 1343 1070 88
1360 1039 1448 1069 illud
1464 1049 1519 1068 ex-

193 1082 416 1112 cutiendum
443 1086 498 1117 est,
523 1086 562 1112 ut
583 1082 708 1111 sciatur
729 1081 813 1122 quid
833 1080 875 1110 sit
895 1091 1022 1117 carm-tu
1052 1091 1098 1112 or.
1124 1092 1184 1122 pro
1209 1082 1294 1112 Mur.
1318 1082 1335 1119 ἓ
1356 1080 1396 1112 26
1413 1086 1520 1121 postea

194 1126 230 1155 in
252 1125 404 1155 manibus
426 1124 543 1154 iactata
565 1129 595 1155 et
614 1135 769 1155 excussa
791 1123 993 1154 inanissima
1010 1124 1208 1164 prudentiae
1227 1129 1347 1164 reperta
1367 1128 1456 1162 sunt,
1478 1124 1520 1155 de

195 1168 248 1198 off.
270 1175 314 1198 111
331 1168 348 1205 ἓ
365 1169 402 1198 81
418 1177 450 1203 n,
468 1167 574 1198 Plaut.
592 1167 670 1198 Aul.
689 1174 727 1198 1v
745 1179 774 1207 4,
798 1177 835 1209 19
853 1165 940 1208 (638)
957 1168 1104 1207 agedum,
1121 1168 1309 1198 excutedum
1318 1167 1476 1208 pallium.

258 1256 360 1293 ἓεο,
383 1257 408 1285 1.
425 1258 472 1286 27.
519 1257 595 1285 tam
618 1256 773 1285 externis
797 1262 902 1292 quam
929 1254 1142 1294 domesticis]
1169 1257 1224 1285 ‘as
1250 1254 1325 1286 well
1349 1253 1384 1285 in
1409 1253 1521 1295 public

196 1308 230 1328 as
250 1298 284 1329 in
309 1298 434 1339 private
453 1297 532 1334 lise‚’
547 1298 723 1339 according
743 1303 777 1328 to
793 1298 952 1335 NVunder,
978 1299 1035 1328 but
1055 1298 1230 1338 according
1248 1302 1281 1328 to
1302 1297 1411 1328 others
1431 1300 1520 1327 ‘out-

197 1341 319 1381 wardly
339 1341 404 1371 and
429 1340 610 1380 inwardly,'
636 1340 655 1371 i.
669 1351 697 1371 e.
725 1351 760 1371 as
785 1341 860 1371 well
885 1341 918 1372 in
943 1341 1090 1371 outward
1115 1341 1266 1381 qualities
1293 1340 1400 1371 which
1424 1339 1522 1370 make

197 1394 215 1414 a
231 1394 307 1414 man
323 1383 471 1425 popular,
492 1383 616 1424 though
633 1389 690 1414 not
706 1384 902 1425 necessarily
915 1394 955 1414 an
972 1384 1127 1415 evidence
1143 1383 1180 1415 of
1191 1382 1338 1414 intrinsic
1354 1382 1469 1421 worth,
1487 1392 1522 1413 as

199 1427 230 1456 in
247 1427 339 1457 those
354 1426 421 1457 ofa
437 1426 553 1467 higher
568 1426 634 1457 and
649 1437 739 1458 more
755 1427 891 1469 sterling
905 1427 997 1457 kind.

259 1504 285 1532 1.
303 1505 352 1533 28.
396 1503 597 1533 inferiorem
623 1510 728 1540 quam
750 1502 800 1542 te]
828 1502 978 1533 ‘inferior
998 1507 1032 1533 to
1053 1500 1140 1542 you.’
1185 1502 1238 1533 Cf.
1259 1502 1301 1533 de
1321 1501 1374 1532 off.
1399 1502 1444 1540 15
1463 1500 1522 1533 116

198 1556 270 1576 cum
301 1545 376 1575 hclli
400 1545 496 1575 laude
525 1555 590 1575 non
621 1545 792 1585 inferior
813 1546 936 1586 fnisset
963 1556 1073 1586 quam
1098 1549 1202 1593 pales,
1236 1545 1324 1575 Brut.
1351 1546 1368 1582 ξ
1397 1553 1453 1584 155
1484 1555 1526 1575 ne

198 1599 262 1629 qua
294 1598 331 1617 m
362 1598 396 1619 rc
431 1587 605 1628 inferior
639 1592 714 1618 esset
749 1599 861 1629 qnam
897 1593 999 1629 paler,
1030 1589 1047 1625 ἓ
1081 1598 1140 1628 179
1171 1598 1208 1618 zn
1239 1598 1311 1618 rme
1337 1588 1428 1618 civilz
1456 1597 1523 1618 non

201 1631 372 1671 znfc'rzor
393 1641 505 1671 quam
533 1631 693 1669 mam'sleae,
720 1641 771 1671 ep.
789 1632 828 1661 ad
849 1631 912 1670 Qu.
930 1631 968 1661 sr.
987 1639 1035 1668 13
1054 1631 1070 1668 ἓ
1091 1640 1106 1669 7
1127 1631 1240 1669 g'ratm
1265 1641 1329 1660 non
1355 1630 1526 1670 inferior

199 1684 310 1714 quam
331 1684 387 1713 qm
409 1684 565 1713 umquam
555 1674 725 1713 fuerunt
743 1674 875 1714 amplzs
869 1675 949 1712 i'mz,
970 1684 1016 1705 or.
1036 1684 1067 1714 p.
1085 1674 1190 1704 Balbo
1210 1674 1228 1711 ἓ
1248 1682 1288 1712 42
1309 1673 1448 1714 ursarius
1465 1683 1526 1704 esse

200 1727 297 1747 suum
309 1716 424 1756 Jbedns
443 1726 542 1756 quam
561 1721 744 1746 celeaornm.
789 1720 928 1754 generis
949 1720 984 1747 e*
1004 1716 1167 1754 nominis]
1191 1716 1349 1756 genitives
1368 1715 1405 1746 os
1422 1716 1525 1746 closer

200 1758 421 1800 specification
442 1769 479 1789 or
501 1759 695 1800 descriptive
718 1760 886 1799 genitives,
909 1760 1095 1800 dependent
1118 1769 1206 1800 upon
1227 1759 1329 1793 rebus,
1353 1759 1394 1789 cf.
1416 1769 1461 1790 or.
1487 1769 1519 1800 p.

202 1802 285 1833 Sull.
310 1803 327 1839 ἓ
353 1812 388 1832 21
416 1801 503 1842 quod
525 1803 651 1831 tandem
678 1805 837 1841 regnum?
860 1803 1100 1839 consulatus,
1131 1802 1229 1838 credo,
1258 1802 1330 1839 mei,
1360 1802 1458 1832 Tusc.
1485 1808 1524 1831 lv

202 1847 218 1881 ξ
234 1846 273 1876 82
295 1845 332 1874 in
353 1844 468 1884 aliqua
483 1845 729 1884 pchm-balione
746 1850 807 1875 aut
827 1850 929 1876 metus
948 1850 1007 1875 aut
1023 1845 1167 1875 lactitiae
1180 1849 1241 1874 aut
1254 1844 1443 1884 cupiditatis
1458 1843 1523 1875 and

201 1898 255 1918 see
274 1887 388 1917 Madv.
413 1888 469 1918 Gr.
495 1886 600 1925 5286,
625 1888 743 1928 Zumpt
766 1888 823 1919 Gr.
840 1889 857 1926 §
873 1897 945 1928 425,
971 1888 1079 1918 Kenn.
1110 1887 1166 1918 Gr.
1194 1898 1225 1928 p.
1244 1897 1317 1926 413,
1344 1897 1395 1928 cp.
1420 1887 1526 1918 above

202 1931 220 1968 ἓ
237 1940 288 1965 ¹21,
305 1930 374 1960 also
390 1940 444 1970 my
460 1940 491 1960 n.
510 1940 552 1960 on
570 1930 610 1960 de
626 1930 679 1960 off.
701 1937 713 1960 1
730 1932 747 1968 ἓ
769 1940 837 1970 ¹5²·
883 1931 1054 1961 Translate
1075 1930 1224 1960 ‘inferior
1244 1936 1278 1960 to
1297 1940 1359 1970 you
1381 1929 1415 1960 in
1436 1940 1526 1961 some

202 1973 389 2014 points‚-—I
417 1983 523 2009 mean,
550 1973 642 2003 those
664 1971 701 2003 of
726 1983 799 2005 race
823 1974 888 2004 and
915 1972 1034 2004 name.’
1079 1972 1264 2003 Laterensis
1288 1982 1354 2003 was
1380 1972 1528 2013 superior

203 2022 238 2046 to
261 2015 412 2046 Plancius
430 2025 569 2055 genere
589 2017 639 2045 ‘in
656 2015 766 2051 birth,
776 2022 941 2047 ancestors
954 2015 991 2046 of
1002 2026 1107 2053 name,
1120 2016 1255 2046 because
1271 2015 1321 2045 his
1337 2015 1449 2055 family
1460 2015 1525 2045 had

203 2059 269 2089 had
286 2058 341 2088 the
358 2058 410 2088 ius
425 2069 610 2098 zmagznum
628 2058 678 2089 for
693 2069 783 2089 some
800 2059 1016 2099 generations,
1031 2059 1095 2089 and
1112 2059 1181 2089 also
1197 2058 1328 2088 nomine
1342 2058 1391 2089 ‘in
1413 2058 1526 2088 distin·

203 2101 342 2141 guished
365 2099 485 2137 name‚'
511 2102 674 2138 ‘renown,
680 2100 846 2133 'because
871 2102 951 2132 both
977 2102 1027 2132 his
1051 2101 1184 2132 father's
1207 2101 1272 2131 and
1297 2101 1348 2131 his
1371 2098 1528 2132 mother‘s

204 2143 317 2184 family
332 2154 416 2174 were
432 2143 470 2174 of
480 2144 629 2174 consular
645 2145 744 2175 rank.
768 2145 809 2175 cf.
827 2155 874 2175 or.
891 2144 923 2175 in
937 2144 1085 2175 Verr.1v
1097 2145 1115 2181 ἓ
1131 2144 1168 2174 81
1187 2154 1232 2173 cm
1223 2144 1330 2182 ‹rnatio
1343 2143 1527 2174 studwrum

205 2191 234 2217 et
253 2186 380 2217 artium
403 2196 469 2216 non
490 2186 601 2217 minus
623 2187 794 2217 comuncta
817 2198 917 2228 quam
943 2187 1005 2218 isla
1025 2197 1180 2226 generzs
1203 2191 1231 2216 et
1251 2186 1401 2224 nonunis,
1423 2186 1528 2217 above

204 2231 222 2268 ἓ
251 2229 286 2259 18
312 2229 332 2260 l.
360 2238 381 2271 9
409 2233 454 2261 est
475 2233 571 2260 tuum
599 2240 734 2261 nomen
763 2235 900 2272 utraque:
918 2230 1062 2272 familia
1086 2230 1262 2261 consulare.
1309 2228 1361 2261 Cs.
1392 2228 1434 2261 de
1458 2238 1527 2270 rep.
