1593 2488
64 798 95 814 10

63 1122 92 1145 ¹5

57 1443 89 1459 20

53 2089 84 2112 30

118 109 236 147 IIXL
257 106 323 160 93]
388 107 508 146 PRO
542 108 628 146 CN.
657 107 922 146 PLANCIO
954 108 1176 147 ORATIO
1391 118 1438 158 37

116 207 206 232 nam
234 193 299 243 qui
322 207 392 243 pro
420 207 460 232 re
486 193 644 243 publica.
662 192 779 232 vitam
805 193 1156 232 ediderunt—licet
1181 207 1244 232 me
1265 193 1442 244 desipere

115 258 317 305 dicatis—,
333 271 546 306 numquam
562 271 625 296 me
642 259 798 296 hercule
819 271 885 297 eos
906 267 1071 297 mortem
1089 258 1216 308 potius
1237 272 1355 307 quam
1376 259 1443 295 im-

116 321 391 360 mortalitatem
410 323 618 360 adsecutos
641 321 783 371 putavi.
842 335 915 371 ego
935 335 1026 360 vero
1047 322 1078 359 si
1099 330 1181 359 tum
1202 321 1354 359 illorum
1375 322 1443 359 im-

114 386 267 435 piorum
287 387 385 424 ferro
405 398 451 423 ac
470 398 588 423 manu
609 385 881 431 concidissem,
899 384 938 422 in
958 394 1190 435 perpetuum
1206 399 1265 423 res
1286 386 1442 434 publica

115 451 225 489 civile
245 450 480 500 praesidium
501 450 633 488 salutis
662 463 753 488 suae
783 450 1039 499 perdidisset3
1072 451 1165 498 quin
1189 451 1305 488 etiam
1326 451 1357 488 si
1377 464 1439 489 me

115 515 169 554 vis
189 516 317 565 aliqua
336 515 462 554 morbi
482 524 547 554 aut
561 524 697 554 natura
713 516 797 565 ipsa
816 516 1133 565 consumpsisset,
1152 523 1282 554 tamen
1299 516 1440 554 auxilia

113 579 348 629 posteritatis
382 588 512 618 essent
549 580 764 625 imminuta,
802 580 909 629 quod
942 588 1188 629 peremptum
1221 588 1323 618 esset
1351 593 1439 618 mea

113 652 237 683 morte
266 645 306 682 id
336 645 569 694 exemplum,
593 644 717 693 qualis
741 645 889 682 futurus
918 643 958 681 in
988 657 1050 682 me
1076 644 1281 682 retinendo
1305 645 1439 683 fuisset

113 716 269 747 senatus
298 710 547 758 populusque
580 710 795 746 Romanus.
853 721 904 745 an
934 708 965 746 si
994 722 1179 758 umquam
1205 710 1305 747 vitae
1335 710 1439 759 cupi-

113 774 211 812 ditas
243 774 282 812 in
314 788 376 812 me
406 775 550 820 fuisset,
586 788 658 824 ego
691 788 823 812 mense
856 774 1067 812 Decembri
1101 774 1178 812 mei
1211 776 1437 813 consulatus

112 838 287 876 omnium
320 837 599 887 parricidarum
638 839 715 876 tela
752 840 1043 876 commossem?
1089 852 1201 887 quae,
1238 839 1269 876 si
1302 839 1437 889 viginti

111 903 304 952 quiessem
339 903 433 949 dies,
470 902 509 940 in
544 903 706 941 aliorum
744 903 915 952 vigiliam
953 904 1157 940 consulum
1194 903 1433 942 recidissent.

110 980 227 1016 quam
260 968 310 1005 ob
345 980 426 1004 rem
457 967 488 1005 si
516 968 618 1006 vitae
649 967 840 1016 cupiditas
874 975 1010 1005 contra
1038 981 1120 1006 rem
1150 968 1348 1017 publicam
1378 977 1435 1007 est

110 1031 242 1080 turpis,
265 1039 368 1070 certe
394 1033 516 1069 multo
544 1032 677 1070 mortis
698 1032 891 1081 cupiditas
915 1046 1002 1070 mea
1021 1033 1167 1082 turpior
1186 1032 1318 1072 fuisset
1344 1047 1434 1071 cum

110 1096 278 1146 pernicie
299 1096 473 1134 civitatis.

201 1163 304 1199 Nam
325 1163 433 1211 quod
454 1170 491 1200 te
511 1175 595 1200 esse
616 1162 655 1200 in
675 1176 715 1200 re
735 1162 891 1212 publica
917 1163 1081 1201 liberum
1108 1176 1148 1201 es
1175 1163 1370 1213 gloriatus,
1393 1163 1433 1202 id
1454 1166 1501 1202 91

107 1239 180 1276 ego
209 1234 247 1264 et
276 1227 399 1264 fateor
427 1234 465 1264 et
494 1227 616 1264 laetor
641 1235 679 1264 et
703 1227 773 1265 tibi
799 1227 917 1264 etiam
943 1227 982 1264 in
1002 1228 1078 1266 hoc
1105 1229 1297 1277 gratulor:
1327 1229 1434 1277 quod

107 1303 170 1328 me
193 1297 324 1328 autem
351 1290 511 1340 negasti,
533 1290 573 1327 in
595 1304 642 1328 eo
664 1304 792 1340 neque
813 1300 850 1329 te
871 1305 998 1340 neque
1025 1304 1261 1341 quemquam
1289 1292 1432 1331 diutius

105 1354 229 1403 patiar
258 1368 389 1393 errare.
468 1356 696 1393 XXXVIII
753 1369 844 1393 nam
871 1356 902 1393 si
931 1356 1016 1405 quis
1046 1356 1192 1394 idcirco
1215 1356 1361 1406 aliquid
1382 1359 1432 1396 de

105 1420 279 1457 libertate
293 1432 381 1457 mea
394 1419 637 1457 deminutum
651 1427 772 1469 putat,
787 1421 894 1469 quod
911 1433 990 1458 non
1006 1421 1055 1459 ab
1072 1421 1254 1459 omnibus
1271 1421 1430 1469 eisdem,

103 1497 127 1521 a
152 1483 292 1532 quibus
319 1491 436 1521 antea
465 1484 600 1522 solitus
630 1497 716 1522 sum
743 1485 957 1532 dissentire,
981 1485 1218 1531 dissentiam,
1250 1486 1429 1535 primum,

104 1547 135 1586 si
155 1549 255 1586 bene
276 1549 326 1586 de
346 1561 409 1586 me
429 1548 574 1586 meritis
594 1556 746 1598 gratum
766 1562 829 1587 me
849 1549 1030 1598 praebeo,
1050 1563 1131 1587 non
1161 1551 1289 1588 debeo
1309 1551 1432 1588 incur-

102 1625 184 1651 rere
209 1612 248 1650 in
274 1612 421 1650 crimen
447 1612 616 1651 hominis
642 1612 808 1651 nimium
834 1614 1017 1652 memoris
1043 1614 1286 1664 nimiumque
1314 1615 1429 1665 grati:

103 1677 162 1714 sin
182 1684 312 1715 autem
331 1676 544 1726 aliquando
565 1677 647 1715 sine
660 1679 740 1716 ullo
754 1678 808 1716 rei
822 1679 1000 1727 publicae
1014 1679 1248 1717 detrimento
1265 1680 1429 1730 respicio

74 1764 86 1780 ς
103 1741 218 1780 etiam
239 1743 402 1780 salutem
422 1756 510 1780 cum
531 1755 660 1780 meam
675 1751 757 1781 tum
778 1756 966 1790 meorum,
981 1752 1086 1782 certe
1106 1758 1187 1782 non
1207 1746 1328 1784 modo
1348 1759 1426 1784 non

103 1821 186 1846 sum
208 1809 564 1857 reprehendendus,
583 1809 652 1847 sed
674 1808 789 1847 etiam
811 1809 842 1847 si
861 1822 970 1847 ruere
991 1810 1142 1856 vellem,
1166 1811 1259 1848 boni
1278 1810 1347 1849 viri
1366 1825 1429 1850 me

102 1882 144 1911 ut
169 1873 210 1911 id
235 1887 283 1911 ne
309 1875 475 1912 facerem
503 1881 694 1923 rogarent.
752 1888 812 1912 res
840 1887 931 1912 vero
961 1874 1045 1924 ipsa
1072 1876 1240 1924 publica,
1263 1875 1294 1914 si
1321 1878 1428 1926 loqui
1448 1877 1497 1914 92

101 1932 244 1990 posset,
274 1948 404 1990 ageret
431 1953 599 1987 mecum,
628 1947 681 1987 ut,
713 1940 901 1990 quoniam
929 1941 1003 1979 sibi
1031 1941 1233 1980 servissem
1262 1956 1426 1993 semper,

102 2018 314 2054 numquam
344 2005 450 2052 mihi,
472 2007 618 2043 fructus
646 2014 779 2044 autem
805 2019 851 2044 ex
881 2019 965 2045 sese
994 2019 1085 2053 non,
1107 2014 1151 2045 ut
1179 2008 1426 2057 oportuisset,

101 2073 223 2110 laetos
253 2080 291 2110 et
316 2072 466 2119 uberes,
491 2073 558 2110 sed
589 2085 731 2121 magna
759 2072 969 2111 acerbitate
997 2073 1209 2123 permixtos
1238 2074 1424 2122 tulissem,

102 2144 144 2175 ut
164 2136 241 2174 iam
260 2137 356 2174 mihi
381 2137 575 2184 servirem,
597 2139 842 2176 consulerem
869 2137 990 2176 meis:
1020 2152 1061 2176 se
1087 2152 1167 2177 non
1193 2141 1313 2178 modo
1335 2140 1426 2179 satis

101 2203 243 2240 habere
262 2215 284 2240 a
303 2215 377 2249 me,
393 2202 461 2240 sed
482 2201 599 2240 etiam
618 2202 739 2241 vereri
755 2216 804 2241 ne
819 2216 956 2252 parum
971 2202 1066 2241 mihi
1078 2217 1148 2253 pro
1162 2218 1220 2251 eo,
1235 2213 1424 2254 quantum

101 2280 124 2305 a
143 2279 206 2305 me
226 2267 395 2315 haberet,
417 2267 659 2306 reddidisset.
717 2268 834 2317 quid?
863 2268 894 2306 si
913 2269 1051 2307 horum
1073 2282 1145 2319 ego
1165 2269 1260 2308 nihil
1280 2270 1421 2320 cogito,
1443 2276 1492 2315 93
