1593 2488
121 103 139 153 §
159 100 226 154 33]
679 99 886 140 NOTES·
1398 114 1445 152 95

181 187 342 227 Granius]
366 187 450 218 Inde
471 186 669 218 transcendit
688 186 731 217 ad
750 186 937 227 exemplum
957 185 1073 217 famosi
1095 185 1261 227 quondam
1282 188 1450 227 praeconis

119 230 162 271 Q.
187 231 326 262 Granii
356 235 388 261 et
415 230 564 271 adprime
590 229 796 265 dicacissimi,
824 239 922 269 quem
948 239 1024 259 cum
1050 229 1158 259 edicto
1184 229 1318 264 iustitio,
1343 230 1376 260 id
1402 238 1449 261 est

118 273 287 314 praedicto
316 273 351 304 in
380 283 414 303 re
441 283 474 313 p.
500 277 647 313 tempore
673 281 741 312 quo
769 271 851 302 nihil
881 277 1031 311 ageretur
1060 271 1204 301 civilium
1231 272 1446 311 negotiorum,

119 315 241 347 Nasica
265 315 378 347 consul
403 315 664 356 compellavisset
690 314 823 345 obvium
848 314 910 345 sibi
933 313 1016 344 sorte
1041 314 1225 345 venientem
1253 314 1450 355 dixissetque

118 358 319 389 ioculariter:
345 358 475 393 ‘Grani‚
497 358 576 398 quid
597 357 697 388 tristis
718 357 776 388 es?
804 367 847 387 an
868 357 956 397 quod
981 357 1148 387 auctiones
1172 357 1309 388 reiectae
1333 357 1449 388 sunt?'

119 401 260 439 (Scimus
282 401 369 432 enim
393 401 608 441 praeconibus
629 400 795 430 auctiones
818 400 935 430 fructui
956 410 1036 434 esse,
1061 399 1151 440 quod
1174 409 1233 440 per
1257 410 1312 430 eos
1339 401 1450 432 omnia

118 444 353 475 distrahantur:
393 444 451 474 illo
481 449 589 474 autem
621 443 745 473 iustitio
774 453 834 473 nec
864 442 956 483 ipsae
986 447 1136 483 poterant
1166 443 1339 479 exerce1·i):
1374 443 1449 475 huic

118 487 155 517 P.
177 486 323 527 Scipioni
345 497 363 517 e
381 486 545 517 contrario
565 496 632 516 non
652 486 722 516 sine
743 496 851 516 morsu
875 485 1035 516 stomachi
1059 485 1265 526 respondisse
1289 486 1447 517 Granium

117 529 213 561 dicit:
239 530 360 559 ‘immo
383 529 457 560 ideo
481 529 580 559 tristis
604 539 686 566 sum,
714 528 803 569 quod
827 528 1008 569 legationes
1033 528 1171 559 reiectae
1201 527 1288 559 sint.'
1332 529 1446 560 Voluit

116 577 224 603 autem
251 573 410 613 pudorem
442 572 583 602 Nasicae
609 571 752 602 consulis
781 571 998 612 perstringere
1028 571 1091 601 hoc
1117 571 1320 602 amarissimo
1347 571 1445 603 dicto.

117 614 207 645 Nam
224 615 403 655 legationes
419 615 461 645 ab
476 614 617 645 externis
632 614 764 655 populis
782 614 899 644 missae
915 614 957 644 ad
973 619 1122 645 senatum
1137 614 1287 645 solebant
1303 615 1445 646 ordinari

117 668 179 698 pro
202 658 370 688 voluntate
393 657 582 695 consulum
613 668 694 698 quas
717 658 910 698 plerumque
932 657 1047 697 gratia,
1072 667 1318 698 nonnumquam
1342 663 1373 688 et
1396 669 1447 689 ac-

117 706 217 741 cepta
240 701 379 741 pecunia
404 701 554 731 consules
578 700 784 738 ordinabant,
813 705 848 731 ut
872 700 1034 730 introduci
1059 700 1102 730 ad
1126 706 1274 730 senatum
1304 707 1448 741 possent.

117 751 241 774 SCHOL.
259 751 417 774 AMBROS.
464 743 506 783 Q.
524 743 710 778 Granius,
732 753 774 773 an
790 743 978 774 auctioneer
994 743 1093 780 (Hor.
1113 744 1155 773 Α.
1175 744 1211 773 P.
1229 745 1316 784 419),
1336 744 1446 775 whose

117 786 172 817 wit
189 786 253 816 and
271 787 391 817 caustic
407 786 547 817 humour
562 786 659 816 made
674 786 743 816 him
760 786 886 816 famous
902 796 1023 826 among
1038 786 1088 816 his
1103 787 1390 826 contemporaries,
1411 797 1447 818 so

116 829 188 860 that
212 829 358 860 Lucilius
381 829 565 870 frequently
586 829 704 870 speaks
727 829 763 860 of
782 829 850 859 him
874 829 907 859 in
930 829 981 860 his
1004 829 1117 859 satires
1142 830 1246 866 (Brut.
1265 830 1281 867 ξ
1302 829 1375 861 160;
1400 831 1448 860 ita

114 873 230 902 tacitus
258 872 444 902 tribunatus
476 871 603 913 (Crassi
628 871 727 912 ficit),
759 876 799 902 ut
827 872 898 902 nisi
922 872 959 902 in
989 882 1022 903 eo
1052 873 1244 912 magistratu
1273 874 1449 904 cenavisset

115 915 208 955 apud
223 919 450 955 praeconem
484 915 678 946 Granium
710 915 805 954 idque
829 915 916 945 nobis
945 915 993 944 bis
1022 915 1223 945 narravisset
1249 915 1444 954 Lucilius,

115 958 287 988 tribunum
301 958 403 998 plebis
418 958 608 988 nesciremus
612 958 730 998 fuisse,
750 958 792 988 ib.
810 959 826 995 ξ
847 968 903 998 172
922 958 1058 988 memini
1078 958 1114 988 T.
1134 959 1270 988 Tincam
1286 959 1447 989 hominem

109 1001 346 1041 facetissimum
376 1011 448 1031 cum
474 1000 652 1041 familiari
681 1005 788 1031 nostro
818 1001 854 1039 Q.
887 1001 993 1031 Gran
1002 1001 1037 1031 io
1067 1006 1254 1041 praecone
1281 1002 1449 1032 dicacitate

115 1047 299 1073 certantem.
345 1042 444 1079 Eon',
476 1044 587 1084 inquit
621 1044 761 1080 Brutus,
794 1043 831 1074 de
865 1054 928 1084 quo
965 1043 1089 1074 multa
1126 1044 1326 1080 Lucilius,
1365 1045 1445 1085 frag.

116 1085 252 1117 Lucilii:
277 1090 307 1117 ct
328 1087 396 1117 iam
422 1087 570 1117 Conicere
589 1087 626 1116 in
648 1097 759 1116 versus
781 1087 904 1116 dictum
923 1086 1132 1126 praeconis
1157 1087 1295 1117 volebam
1322 1087 1451 1118 Grani

116 1139 169 1169 ap.
187 1129 263 1159 Aul.
281 1129 357 1160 Gell
374 1129 419 1160 N.
436 1130 480 1160 A.
499 1137 537 1160 IV
558 1138 605 1169 17,
632 1130 810 1160 Granius
835 1135 942 1160 autem
963 1139 1028 1160 non
1049 1134 1246 1160 contemnere
1263 1140 1295 1160 se
1313 1134 1344 1160 et
1364 1141 1447 1170 reges

115 1171 215 1202 odisse
237 1173 384 1212 superbos
408 1182 461 1213 ap.
491 1172 562 1203 Cic.
585 1182 637 1212 ep.
661 1173 702 1203 ad
727 1173 797 1203 Att.
822 1180 860 1202 VI
882 1182 899 1212 3
923 1173 940 1209 ἓ
959 1173 1001 1210 7),
1030 1173 1094 1202 and
1115 1172 1170 1203 the
1192 1183 1289 1203 name
1311 1174 1447 1204 became

115 1224 134 1245 a
154 1215 338 1255 proverbial
355 1215 542 1255 expression
564 1215 614 1246 sor
631 1225 650 1245 a
670 1226 745 1245 inan
767 1215 804 1245 of
824 1215 880 1246 wit
902 1216 967 1255 (ep.
985 1215 1027 1245 ad
1043 1215 1120 1246 fam.
1140 1223 1179 1245 lx
1199 1224 1247 1252 15,
1266 1225 1283 1245 2
1300 1220 1329 1247 te
1343 1227 1445 1256 quum

115 1257 211 1294 video,
241 1268 349 1288 omnes
378 1258 466 1288 milei
499 1258 680 1292 Granios,
707 1268 815 1288 omnes
839 1258 1134 1288 Lucilios...videre
1159 1258 1290 1296 videor).
1347 1259 1446 1290 Some

115 1300 299 1340 specimens
328 1301 366 1331 of
390 1300 442 1331 his
472 1301 528 1332 wit
555 1311 610 1332 are
639 1301 737 1342 given
767 1301 810 1341 by
837 1300 907 1332 Cic.
939 1301 981 1332 de
1011 1306 1093 1332 orat.
1125 1308 1153 1331 11
1176 1302 1193 1339 ἓ
1220 1312 1290 1341 244,
1323 1302 1340 1340 ἓ
1371 1312 1444 1342 254,

114 1343 131 1381 ἓ
149 1344 286 1375 281—2.

177 1403 202 1432 1.
219 1405 268 1433 10.
316 1404 429 1433 edicto
458 1403 609 1442 iustitio]
644 1403 780 1443 ‘having
809 1403 906 1443 given
935 1403 1044 1434 notice
1071 1402 1109 1433 of
1141 1413 1161 1433 a
1190 1403 1382 1444 suspensior}
1413 1403 1450 1435 of

113 1444 158 1475 all
174 1445 286 1486 public
301 1445 472 1476 business.'
517 1446 598 1476 This
613 1456 680 1476 was
696 1446 729 1476 in
745 1446 841 1476 order
856 1446 926 1476 that
948 1447 1003 1477 the
1024 1446 1124 1476 levies
1145 1447 1194 1476 sor
1211 1447 1266 1477 the
1282 1458 1349 1477 war
1365 1447 1444 1477 with

111 1488 272 1529 Jugurtha
294 1488 399 1528 might
424 1489 564 1528 proceed
588 1489 727 1520 without
750 1489 979 1529 interruption.
1024 1490 1206 1528 decedens]
1230 1500 1274 1520 sc.
1300 1500 1318 1520 e
1347 1490 1444 1521 foro.

115 1533 200 1568 quid
214 1533 330 1562 tristis
345 1530 454 1571 esset]
482 1532 572 1572 ‘why
587 1531 629 1562 he
644 1542 711 1562 was
727 1531 807 1563 sad.'

175 1607 199 1638 1.
219 1609 270 1637 11.
313 1614 361 1637 an
382 1608 475 1642 quod
496 1609 646 1638 reiectae
668 1610 848 1639 auctiones
871 1608 1002 1647 essent]
1030 1610 1115 1639 ‘was
1138 1609 1163 1640 it
1184 1607 1245 1650 (sor
1266 1620 1330 1650 any
1351 1609 1444 1651 thing

112 1648 178 1680 else
193 1650 242 1687 or)
265 1649 404 1680 because
424 1649 480 1680 the
499 1651 647 1681 auctions
670 1650 736 1681 had
756 1651 841 1681 been
860 1657 918 1692 put
939 1650 1023 1682 off?’
1068 1652 1119 1683 Cf.
1140 1663 1192 1692 ep.
1212 1652 1253 1682 ad
1275 1652 1340 1692 Qu.
1357 1653 1394 1684 sr.
1416 1661 1445 1683 Π

113 1692 161 1732 3§
177 1701 189 1722 1
207 1702 229 1722 a
244 1692 325 1723 Kal.
345 1692 417 1723 Feb.
436 1693 604 1733 legationes
619 1694 654 1723 in
670 1694 752 1724 Idus
772 1695 844 1725 Feb.
866 1695 1148 1732 reiciebantur‚
1169 1695 1210 1725 ad
1228 1697 1298 1726 Att.
1319 1704 1342 1726 1.
1361 1697 1406 1733 18,
1427 1705 1442 1735 7

111 1736 207 1765 etiam
229 1735 397 1775 legationes
419 1736 601 1766 reiectum
629 1736 687 1766 iri
701 1741 795 1777 pulo.
842 1737 897 1768 On
918 1737 974 1768 the
995 1748 1052 1768 use
1073 1737 1111 1768 of
1129 1748 1174 1768 an
1196 1738 1229 1768 in
1253 1749 1272 1768 a
1295 1739 1445 1779 question

112 1778 305 1818 apparently
320 1778 438 1819 simple
456 1779 514 1809 but
536 1779 644 1810 which
668 1779 695 1810 is
720 1780 822 1820 really
842 1780 898 1811 the
920 1781 1040 1811 second
1062 1781 1210 1811 member
1225 1781 1263 1811 of
1285 1792 1327 1811 an
1349 1782 1443 1812 alter-

110 1821 219 1851 native
235 1821 394 1861 question,
414 1831 467 1852 see
490 1822 587 1862 Roby
603 1822 661 1853 Gr.
681 1830 707 1852 11
725 1824 741 1860 ξ
760 1832 851 1862 2255,
872 1823 1020 1864 Madvig.
1039 1824 1095 1854 Gr.
1112 1825 1128 1861 ἓ
1145 1833 1219 1864 453,
1239 1824 1360 1865 Zumpt
1382 1825 1439 1856 Gr.

111 1864 128 1901 ἓ
145 1873 217 1903 353,
236 1863 346 1895 Kenn.
366 1864 425 1895 Gr.
441 1875 475 1905 p.
494 1874 566 1903 327,
587 1875 619 1897 n.
639 1876 682 1896 on
698 1866 739 1896 de
756 1866 809 1896 off.
830 1874 874 1897 111
891 1867 907 1904 ἓ
928 1876 985 1905 ¹05
1002 1867 1024 1897 l.
1048 1877 1097 1906 14.

173 1936 196 1965 1.
213 1937 262 1965 12.
310 1937 402 1970 quod
417 1935 626 1974 legationes]
644 1946 687 1966 sc.
706 1936 878 1970 reiectae
895 1936 984 1968 sint.
1030 1937 1103 1968 The
1119 1937 1213 1978 point
1230 1937 1267 1968 of
1279 1938 1334 1969 the
1349 1937 1442 1979 reply

110 1975 169 2008 lies
184 1977 218 2007 in
234 1977 289 2008 the
304 1978 425 2008 double
441 1979 594 2020 meaning
610 1978 647 2009 of
658 1980 795 2015 reiectae,
813 1980 846 2010 in
864 1980 918 2010 the
934 1980 1054 2010 former
1069 1990 1143 2011 case
1156 1981 1318 2016 :dilatae
1337 1981 1370 2011 in
1386 1982 1440 2012 the

110 2019 316 2051 latta-:non
339 2021 485 2051 auditae:
515 2021 572 2052 the
594 2027 706 2052 senate
730 2023 830 2063 being
853 2023 1023 2053 consulted
1045 2023 1091 2064 by
1113 2023 1169 2054 the
1194 2024 1307 2054 consul
1332 2025 1440 2054 Bestia

113 2063 303 2103 ‘placeretne
325 2063 441 2103 legatos
462 2065 646 2104 Iugurthae
664 2065 762 2105 reczpi
786 2064 973 2103 moenibus‚'
995 2066 1061 2096 had
1085 2066 1204 2106 passed
1225 2077 1244 2096 a
1263 2067 1439 2097 resolution

110 2106 181 2136 that
204 2108 211 2122 ‘
223 2106 290 2136 nisi
308 2116 445 2146 regumn
465 2108 633 2148 ipsumque
652 2108 794 2138 deditum
814 2109 982 2146 venisseut,
1010 2108 1064 2139 uti
1085 2109 1123 2139 in
1144 2109 1252 2139 diebus
1268 2110 1442 2150 proxumis

109 2148 210 2178 decem
226 2149 329 2179 Italia
343 2148 543 2182 decederent?

171 2202 264 2231 idem
275 2203 577 2240 tribuno—Druse,
594 2205 678 2240 quid
690 2204 780 2243 agis]
794 2209 826 2235 et
835 2203 916 2235 haec
927 2203 1081 2235 dicacitas
1091 2204 1261 2246 praeconis
1273 2204 1363 2235 istius
1373 2215 1439 2235 non

109 2242 215 2273 minus
237 2243 430 2275 urbanitatis
450 2244 602 2276 habuisse
620 2246 750 2278 videtur
769 2257 867 2288 quam
891 2247 1084 2288 asperitatis.
1143 2247 1177 2278 N
1180 2257 1232 2277 am
1256 2248 1302 2278 M.
1328 2247 1440 2278 Livius
