1593 2488
138 106 255 143 XXV
275 102 342 156 62]
397 104 517 142 PRO
560 104 645 142 CN.
674 103 938 141 PLANCIO
979 103 1199 141 ORATIO
1410 117 1454 155 25

138 189 373 234 consulatus,
401 201 518 238 quem
539 186 804 237 magistratum
826 187 902 225 iam
924 187 1137 236 octingenti
1157 188 1235 226 fere
1259 188 1459 226 consecuti

138 261 247 291 sunt:
273 254 423 300 horum,
440 253 470 291 si
491 252 696 302 diligenter
715 265 891 300 quaeres,
909 251 970 289 vix
984 252 1177 290 decimam
1194 260 1342 301 partem
1357 266 1462 301 repe-

138 317 211 356 ries
230 317 352 367 gloria
371 317 539 367 dignam.
598 317 668 355 sed
688 329 806 354 nemo
833 329 1022 365 umquam
1043 315 1098 353 sic
1118 316 1206 365 egit,
1227 323 1269 353 ut
1289 323 1348 354 tu:
1380 319 1464 354 ‘cur

138 383 211 421 iste
236 384 278 420 fit
298 383 458 420 consul?
486 381 581 431 quid
609 381 737 431 potuit
766 379 944 429 amplius,
968 379 998 417 si
1028 381 1068 416 L.
1095 381 1234 417 Brutus
1264 386 1374 423 esset,
1397 378 1464 426 qui

107 465 122 489 5
140 446 336 485 civitatem
366 445 570 484 dominatu
601 445 706 495 regio
735 445 911 483 liberavit
924 446 950 482 ?‘
980 445 1129 482 honore
1158 443 1254 480 nihil
1287 443 1462 492 amplius,

138 512 254 549 laude
275 512 450 549 multum.
506 510 560 548 sic
579 510 692 559 igitur
714 509 894 547 Plancius
914 508 1036 546 nihilo
1056 508 1185 546 minus
1205 516 1389 557 quaestor
1408 516 1467 545 est

139 577 263 614 factus
284 584 322 614 et
342 576 516 614 tribunus
537 574 663 623 plebis
684 581 722 612 ct
742 573 878 611 aedilis
899 586 1016 622 quam
1038 573 1068 611 si
1088 579 1190 611 esset
1210 584 1363 609 summo
1379 572 1467 608 loco

140 648 264 687 natus,
287 640 357 678 sed
384 640 482 676 haec
510 637 593 688 pari
622 638 712 675 loco
742 637 814 675 orti
842 644 932 674 sunt
961 635 1264 674 innumerabiles
1287 633 1351 671 alii
1377 646 1468 671 con-

141 704 273 743 secuti.
331 705 478 754 profers
506 702 724 751 triumphos
753 703 799 739 T.
824 700 932 739 Didii
959 708 997 738 et
1018 701 1062 740 C.
1086 699 1212 745 Marii,
1236 706 1275 737 et
1303 697 1466 748 quaeris,
1489 705 1537 741 61

95 792 126 809 ιο
143 769 237 819 quid
267 769 392 807 simile
418 768 458 806 in
486 767 665 806 Plancio:
695 765 805 816 quasi
822 778 916 804 vero
945 765 1018 812 isti,
1042 778 1141 814 quos
1170 775 1470 806 commemoras,

141 841 348 883 propterea
375 831 620 881 magistratus
650 828 834 879 ceperint,
864 830 973 878 quod
1002 828 1297 878 triumpharant,
1319 834 1356 865 et
1376 839 1468 873 non,

143 896 234 945 quia
250 895 447 934 commissi
461 902 550 933 sunt
566 894 620 932 eis
637 893 892 942 magistratus,
911 893 949 930 in
966 892 1107 940 quibus
1124 891 1416 941 triumpharent,
1430 903 1470 928 re

142 962 244 999 bene
256 969 365 1010 gesta
378 958 656 1009 triumpharint.
681 971 792 1007 rogas
807 971 906 1006 quae
920 966 1044 995 castra
1056 956 1213 995 viderit:
1230 955 1296 1005 qui
1309 963 1347 994 et
1359 955 1470 993 miles

143 1025 185 1063 in
205 1027 322 1065 Creta
345 1026 422 1062 hoc
448 1024 680 1073 imperatore
705 1030 744 1061 et
768 1022 945 1060 tribunus
971 1022 1010 1059 in
1038 1021 1278 1060 Macedonia
1303 1019 1471 1058 militum

97 1112 129 1136 15
145 1090 258 1128 fuerit
279 1097 316 1128 et
337 1097 518 1139 quaestor
538 1096 690 1126 tantum
717 1101 763 1126 ex
788 1101 828 1125 re
855 1086 1009 1124 militari
1037 1086 1245 1125 detraxerit
1271 1084 1470 1134 temporis,

147 1163 336 1204 quantum
366 1153 405 1191 in
431 1166 494 1190 me
521 1152 823 1190 custodiendum
850 1153 1053 1189 transferre
1073 1150 1262 1188 maluerit.
1320 1148 1471 1197 quaeris
1491 1154 1540 1191 62

145 1233 241 1257 num
262 1219 426 1257 disertus
447 1218 524 1256 sit?
565 1217 699 1262 immo,
715 1217 753 1254 id
773 1217 880 1265 quod
900 1217 1118 1254 secundum
1139 1222 1208 1262 est,
1225 1228 1275 1253 ne
1296 1213 1370 1252 sibi
1390 1212 1472 1263 qui-

146 1286 238 1323 dem
257 1283 419 1321 videtur.
477 1295 572 1319 num
598 1281 688 1318 iuris
715 1282 944 1319 consultus?
972 1280 1082 1329 quasi
1105 1279 1311 1329 quisquam
1332 1278 1380 1316 sit
1406 1277 1473 1327 qui

147 1347 219 1385 sibi
232 1348 336 1384 hunc
349 1347 487 1384 falsum
501 1347 550 1384 de
563 1345 643 1383 iure
662 1344 912 1394 respondisse
928 1344 1042 1381 dicat.
1086 1356 1222 1382 omnes
1244 1342 1348 1380 enim
1364 1342 1472 1379 istius

98 1431 131 1449 20
148 1411 256 1448 modi
275 1419 376 1448 artes
395 1410 434 1448 in
451 1410 505 1448 eis
521 1410 869 1459 reprehenduntur,
887 1407 953 1457 qui
973 1421 1060 1445 cum
1081 1407 1243 1457 professi
1264 1414 1364 1452 sunt,
1382 1405 1473 1444 satis

145 1477 273 1514 facere
299 1488 380 1512 non
405 1482 580 1524 possunt,
603 1487 683 1512 non
703 1473 742 1511 in
764 1473 830 1520 eis,
852 1473 918 1522 qui
939 1486 980 1511 se
1000 1472 1142 1511 afuisse
1162 1474 1212 1510 ab
1233 1472 1315 1510 istis
1336 1470 1473 1509 studiis

147 1541 405 1579 confitentur:
443 1538 575 1584 virtus,
610 1537 795 1588 probitas,
830 1537 1028 1587 integritas
1060 1537 1100 1575 in
1133 1537 1357 1583 candidato,
1394 1549 1474 1574 non

146 1605 301 1654 linguae
317 1603 550 1649 volubilitas,
568 1615 649 1640 non
668 1615 740 1649 ars,
755 1616 836 1640 non
856 1601 1017 1640 scientia
1033 1602 1174 1652 requiri
1190 1603 1298 1639 solet.
1344 1609 1386 1639 ut
1402 1613 1475 1638 nos

147 1669 189 1707 in
216 1667 418 1717 mancipiis
446 1668 630 1717 parandis
659 1667 836 1716 quamvis
860 1667 958 1716 frugi
984 1666 1197 1714 hominem,
1220 1665 1252 1704 si
1274 1679 1346 1715 pro
1366 1666 1475 1703 fabro

101 1749 133 1773 25
150 1740 215 1771 aut
234 1745 304 1782 pro
325 1738 471 1769 tectore
497 1731 674 1778 emimus,
696 1733 793 1770 ferre
822 1733 986 1769 moleste
1013 1732 1197 1777 solemus,
1218 1729 1249 1768 si
1276 1743 1341 1768 eas
1360 1738 1473 1774 artes,

151 1810 247 1846 quas
275 1796 315 1834 in
343 1796 513 1834 emendo
543 1795 670 1842 secuti,
700 1809 844 1841 sumus,
875 1797 972 1833 forte
1006 1794 1222 1841 nesciverit,
1253 1794 1312 1832 sin
1345 1802 1475 1832 autem

150 1859 316 1898 emimus
344 1871 462 1907 quem
487 1850 976 1907 vilicumgimponeremus,
999 1872 1118 1908 quem
1143 1857 1275 1908 pecori
1298 1858 1478 1906 praefice·

151 1937 292 1970 remus,
327 1922 422 1960 nihil
452 1922 491 1960 in
525 1935 573 1960 eo
604 1921 677 1960 nisi
714 1923 984 1972 frugalitatem,
1019 1924 1206 1968 laborem,
1239 1920 1476 1971 vigilantiam

152 2000 237 2025 esse
256 1998 448 2032 curamus,
466 1985 520 2022 sic
539 1986 708 2034 populus
729 1987 934 2023 Romanus
950 1985 1084 2034 deligit
1103 1985 1348 2034 magistratus
1365 1982 1478 2032 quasi

105 2068 138 2094 33
154 2051 208 2089 rei
244 2049 422 2099 publicae
460 2048 618 2087 vilicos:
656 2048 698 2086 in
729 2038 870 2098 quibus
905 2049 936 2087 si
966 2062 1044 2098 qua
1080 2058 1281 2098 praeterea
1309 2054 1366 2085 est
1403 2059 1475 2092 ars,

154 2114 266 2152 facile
293 2113 435 2163 patitur
449 2127 459 2160 3
492 2112 551 2150 sin
575 2111 716 2159 minus,
736 2113 877 2151 virtute
907 2126 1043 2151 eorum
1072 2121 1109 2151 et
1135 2110 1361 2150 innocentia
1388 2122 1479 2148 con-

156 2184 285 2216 tentus
314 2184 382 2214 est.
440 2184 583 2225 quotus
611 2176 716 2214 enim
745 2176 910 2225 quisque
939 2176 1115 2221 disertus,
1143 2183 1284 2224 quotus
1313 2173 1478 2222 quisque

156 2240 247 2279 iuris
275 2240 418 2290 peritus
449 2247 517 2286 est,
544 2247 588 2278 ut
612 2252 681 2278 eos
710 2252 902 2287 numeres,
929 2238 996 2288 qui
1020 2239 1158 2278 volunt
1187 2238 1301 2276 esse?
1337 2234 1478 2286 quodsi
