1593 2488
145 108 245 162 §58]
705 109 905 148 NOTES
1398 123 1470 160 139

148 197 290 228 curiosus
306 202 339 227 et
355 196 496 236 diligens
511 196 674 227 eruendae
694 193 886 226 vetustatis)
933 195 1032 226 From
1059 194 1165 226 which
1193 194 1217 226 it
1238 205 1376 236 appears
1401 196 1471 227 that

146 240 281 270 Iunius
299 240 454 280 Congus
471 250 537 270 was
554 245 612 270 not
628 250 646 270 a
664 239 773 269 doctus
788 239 890 273 Immo.
908 238 962 269 i.e.
985 240 1043 268 ‘an
1061 238 1221 268 educated
1239 238 1338 274 man,’
1357 239 1412 269 but
1429 249 1471 269 an

143 283 324 323 antiquary.
371 283 434 313 We
457 282 540 313 have
564 283 618 313 the
641 282 817 322 testimony
838 282 875 312 of
891 282 946 312 the
962 281 1082 312 satirist
1100 281 1244 311 Lucilius
1262 287 1295 312 to
1312 281 1366 312 the
1382 292 1471 312 same

143 326 237 357 effect
256 326 288 356 in
311 325 364 356 the
388 326 453 356 line
475 326 582 356 where
608 331 654 361 (as
678 326 799 366 quoted
824 325 867 365 by
892 325 974 356 Plin.
1004 330 1068 355 nat.
1094 324 1170 354 hist.
1195 324 1296 365 praef.
1330 326 1346 362 g
1373 326 1403 362 7)
1430 325 1471 355 he

142 379 232 409 says:
252 374 421 409 practcrca
443 373 488 399 cst
510 369 668 409 quaedam
688 369 821 408 publica
843 368 941 398 ctiam
966 368 1170 398 cruditorum
1194 367 1329 404 reiectio,
1363 368 1473 397 utitur

143 412 202 442 illa
228 416 258 442 ct
279 412 329 442 M.
364 413 504 449 Tullius,
531 416 625 442 extra
648 422 773 442 ‹mmcm
796 412 911 451 ingeni
930 412 1033 441 alc-am
1051 411 1190 450 positus.
1212 415 1251 444 ct.
1268 410 1354 451 quod
1374 411 1469 440 mim-

142 465 228 490 mur,
247 459 311 495 per
328 455 518 485 advocatensi
542 454 736 495 a'aescndilur.
796 458 870 484 ‘nec
892 454 1105 484 doctissimis:
1136 453 1295 484 Alanium
1319 454 1470 484 Persium

141 497 216 528 hacc
229 498 328 537 legere
343 499 423 534 nolo,
447 499 609 528 lunium
637 498 808 537 Congum
825 498 915 536 volo),
934 497 1058 537 though
1077 496 1193 527 Cicero
1212 496 1244 526 in
1261 496 1400 537 quoting
1416 496 1471 526 the

140 550 228 571 same
246 541 311 571 line
332 541 373 571 (le
397 552 443 571 or.
470 549 494 571 11
516 542 533 578 ἓ
553 550 590 579 ’25
616 537 806 571 substitutes
828 540 980 571 Laelium
1004 540 1189 570 Decimum.
1239 540 1311 570 The
1334 550 1471 580 passage

141 583 166 613 is
192 583 291 614 worth
318 584 542 624 transcribing.
584 584 618 614 C.
644 584 804 619 Lucilius,
832 584 923 614 homo
948 584 1055 614 doctas
1081 587 1111 614 ct
1126 583 1346 623 perurbath
1373 583 1471 613 (licere

138 626 253 656 soli-bat
275 637 321 664 ca,
341 638 422 668 quae
443 628 597 663 scriberet,
620 638 721 668 neque
742 627 782 657 αὐ
805 626 1034 657 indoctissimis
1052 636 1083 656 se
1106 637 1203 666 neque
1225 627 1263 656 ab
1285 626 1470 656 doctissimis

138 669 202 710 legi
220 670 307 706 velle,
331 671 419 710 quod
438 671 536 701 alleri
554 670 644 700 nillil
657 671 882 711 intcllqgmvzt,
899 670 996 700 alleri
1008 670 1089 710 plus
1100 669 1244 710 fhrtasse
1262 679 1361 710 quam
1386 670 1470 709 ipsc,-

137 713 174 742 cle
196 723 258 753 quo
281 713 380 744 ctiam
407 714 538 754 scripsit
560 714 744 744 Persium
767 724 841 744 non
863 724 950 743 curo
973 713 1095 753 legere
1105 723 1119 750 ;
1144 712 1198 742 liic
1219 713 1302 742 enim
1316 712 1401 753 fuit,
1433 717 1471 742 nt

138 766 304 791 noy-amus,
336 757 485 787 omnium
512 757 586 798 fere
622 761 805 786 noslrorum
835 757 1008 786 hominum
1037 756 1257 786 doclisszmus:
1287 755 1468 786 Laelium

138 799 342 829 Decimum
361 800 430 830 volo
442 812 454 835 ;
477 811 568 841 quem
585 800 787 845 cc><vzot¹imus
802 800 915 830 virum
933 800 1051 829 honum
1070 803 1100 829 ct
1114 809 1179 828 non
1196 799 1401 833 illiterastcm,
1418 798 1473 828 scd

137 842 228 872 mlnl
240 843 286 872 ad
298 843 461 879 Peisinm,
481 843 521 874 cs.
542 843 582 874 (le
595 843 650 873 fin.
670 851 679 873 Ι
701 845 716 878 ,ξ’
736 851 766 881 7.
809 843 953 873 Lucilius
970 843 1047 872 then
1064 843 1172 873 would
1190 842 1256 872 like
1273 847 1307 872 to
1329 842 1370 872 be
1391 841 1468 872 read

138 890 194 915 not
217 885 261 925 by
280 886 425 917 scholars
442 886 508 917 like
529 887 655 916 Pe1sius
673 887 776 923 (Brut.
803 887 819 923 ἓ
838 888 892 926 99)
910 896 970 916 nor
991 891 1046 926 yet
1069 885 1113 925 by
1133 885 1284 916 illiterate
1305 893 1389 923 men,
1411 885 1469 916 but

137 927 180 967 by
196 938 273 960 men
289 929 326 960 of
343 930 476 970 general
492 929 703 960 information
719 929 786 960 like
809 929 944 960 Iunius
969 929 1138 969 Congus-

931 982 945 991 x

200 1011 272 1034 non
287 1004 610 1043 abhorrens]=etsi
634 1015 709 1035 non
733 1005 974 1041 abhorream,
999 1003 1040 1034 cf.
1065 1005 1081 1041 ξ
1105 1003 1180 1043 781.
1204 1013 1254 1034 21.
1289 1002 1468 1042 confitear]

138 1045 192 1076 the
208 1047 412 1088 subjunctive
429 1048 455 1078 is
472 1048 534 1078 due
550 1054 584 1078 to
600 1048 826 1083 assimilation,
844 1047 898 1078 the
917 1047 994 1078 time
1011 1052 1067 1077 not
1085 1047 1182 1087 being
1199 1046 1377 1077 indefinite.

199 1124 221 1152 1.
243 1125 271 1153 2.
320 1131 374 1154 me
397 1125 453 1153 hic
474 1125 511 1154 id
534 1132 577 1154 ex
597 1126 634 1154 te
656 1126 809 1161 primum
831 1123 986 1162 audisse]
1010 1123 1157 1154 modeste
1182 1123 1310 1164 repellit
1333 1133 1407 1154 eum
1434 1128 1467 1154 ut

137 1166 340 1197 mendacem.
388 1174 585 1198 MANUTIUS

201 1236 222 1265 1.
245 1238 273 1265 3.
319 1237 526 1273 perelegans
541 1238 577 1267 et
592 1235 810 1274 persubtilis]
844 1235 932 1277 prius
944 1236 985 1266 ad
1003 1236 1143 1266 electum
1157 1236 1339 1273 verborum,
1360 1242 1466 1277 poste-

135 1278 199 1308 rius
222 1279 264 1308 ad
281 1279 508 1310 tractationem
525 1279 570 1310 rei
587 1280 737 1320 pertinet.
784 1287 828 1309 w.

199 1355 223 1384 1.
240 1357 269 1385 4.
319 1357 528 1392 digna—vel
544 1358 659 1387 studio
675 1358 732 1386 vel
747 1356 892 1394 pudore]
922 1357 929 1371 ‘
940 1356 1118 1387 creditable
1131 1356 1218 1387 alike
1230 1361 1263 1387 to
1279 1356 1334 1386 the
1351 1356 1467 1396 kindly

135 1397 199 1427 and
216 1397 419 1429 honourable
435 1398 555 1439 feeling
578 1398 614 1429 of
632 1410 650 1429 a
672 1399 789 1440 knight
810 1400 847 1429 of
869 1399 997 1430 Rome.⁷
1043 1402 1172 1436 equitis
1198 1400 1360 1439 Romani]
1387 1411 1466 1430 non—

135 1441 212 1470 dum
228 1441 427 1472 senatorium
444 1443 592 1472 ordinem
608 1443 747 1483 adeptus
763 1448 831 1473 erat
849 1443 989 1474 Cassius.
1039 1450 1237 1474 MANUTIUS

196 1514 221 1543 1.
239 1515 269 1543 5.
314 1516 358 1544 ab
373 1513 444 1552 his]
468 1515 632 1551 δεικτικῶς,
649 1514 689 1546 cf.
704 1516 719 1553 ἓ
736 1514 773 1546 61
789 1515 811 1546 1.
832 1525 870 1555 14
886 1526 919 1546 n.

196 1587 219 1616 1.
240 1589 269 1616 6.
314 1587 527 1622 respondebo
550 1588 596 1616 ad
615 1594 656 1616 ea
675 1594 765 1623 quae
792 1586 926 1624 dixisti]
949 1586 1012 1617 hoc
1037 1586 1134 1618 dicit:
1158 1587 1253 1617 Talia
1280 1592 1354 1618 sunt
1381 1598 1400 1618 a
1423 1592 1466 1623 te,

136 1628 237 1665 Cassi,
258 1628 356 1664 dicta,
379 1629 420 1659 ad
437 1639 522 1669 quae
539 1629 652 1659 Planci
674 1629 873 1660 defendendi
890 1640 987 1660 causa
1009 1640 1074 1660 non
1091 1640 1173 1670 opus
1190 1637 1272 1661 esset
1296 1631 1395 1661 verbo
1419 1642 1466 1661 re-

134 1672 319 1712 spondere;
342 1682 454 1702 verum
478 1672 634 1712 quoniam
656 1671 760 1702 forma
783 1672 940 1703 orationis
963 1673 1124 1703 eiusmodi
1142 1673 1210 1710 suit,
1231 1679 1264 1704 ut
1293 1674 1468 1714 diligenter

134 1716 176 1747 ai)
203 1715 364 1745 iudicibus
388 1715 554 1752 audireris,
584 1715 758 1746 eruditioni
784 1721 859 1746 tuae
884 1715 971 1746 hunc
996 1716 1137 1746 tribuam
1162 1717 1332 1754 honorem,
1358 1724 1394 1748 ut
1418 1728 1465 1748 re-

133 1759 315 1800 spondeam
331 1758 371 1788 ad
389 1768 437 1796 ea,
458 1768 541 1799 quae
558 1758 679 1789 dixisti.
728 1766 772 1790 w.

196 1832 220 1861 1.
238 1834 266 1861 ’1.
313 1832 355 1861 de
370 1832 446 1865 ipso
461 1830 528 1869 me]
555 1841 736 1870 pronomen
760 1830 826 1871 ipsc
851 1831 1101 1871 pronominibus
1126 1831 1351 1872 personalibus
1375 1842 1466 1872 prae-

133 1873 212 1914 poni
228 1873 336 1911 debet,
357 1873 383 1903 si
410 1873 502 1903 notio
526 1873 730 1914 pronominis
755 1875 818 1914 ipse
839 1874 1023 1914 primariast
1050 1875 1192 1904 maxime
1216 1875 1371 1915 urgenda,
1393 1886 1467 1915 pro-

134 1927 253 1947 nomen
270 1922 378 1947 autem
396 1916 565 1956 personale
588 1917 773 1957 explicandi
798 1917 1028 1948 tantummodo
1051 1917 1255 1957 pronominis
1280 1918 1345 1957 ipse
1369 1928 1467 1948 causa

133 1959 281 1990 adicitur.
332 1960 494 2000 Exempla
519 1962 591 1990 rem
612 1960 820 2000 patefacient.
872 1960 954 1990 Plin.
983 1971 1034 2001 ep.
1070 1968 1111 1991 111
1139 1961 1196 2000 4§
1228 1971 1245 2000 3
1267 1961 1399 2001 sorsum
1422 1966 1468 1991 cst

132 2007 265 2033 senatus
289 2003 553 2033 consultum—ut
577 2002 676 2033 dai-cr
697 2003 957 2043 provincialibus
978 2008 1152 2043 patronus,
1180 2003 1210 2033 si
1231 2003 1270 2033 ab
1302 2004 1381 2044 ipso
1413 2015 1468 2034 me

135 2046 367 2085 impetrassent,
389 2046 457 2076 Cic.
479 2056 525 2076 or.
544 2046 576 2076 in
602 2046 664 2076 Pis.
685 2047 759 2084 §48
775 2046 804 2076 si
808 2046 984 2087 familiam
1006 2051 1098 2076 tuam
1120 2046 1299 2083 dimisisses,
1319 2047 1406 2087 qnod
1424 2047 1471 2077 ad

135 2089 295 2118 nminem
322 2088 391 2118 nisi
415 2089 461 2118 acl
492 2089 576 2129 ipsu
584 2099 615 2118 m
646 2094 680 2119 te
701 2089 890 2129 pertineret,
924 2090 1023 2119 amici
1043 2094 1072 2120 tc
1101 2090 1154 2120 tui
1181 2088 1466 2129 constringamdum

127 2135 295 2170 putarent,
330 2131 384 2162 i.e.
419 2131 463 2161 ad
489 2131 682 2162 neminem
715 2132 790 2162 nisi
813 2133 860 2162 ad
892 2143 976 2162 eum
1011 2132 1145 2172 ipsum,
1173 2132 1237 2173 qui
1270 2132 1465 2163 familiam

133 2173 369 2210 demisisset,
397 2173 455 2204 i.e.
479 2175 525 2205 ad
549 2180 585 2205 te
609 2175 840 2215 pertineret,
866 2186 911 2206 or.
933 2185 962 2216 p.
986 2175 1094 2215 Ligar.
1119 2176 1136 2212 ἓ
1157 2185 1209 2215 23,
1232 2185 1278 2205 or.
1299 2185 1331 2215 p.
1352 2176 1464 2206 Deiot.

134 2218 150 2253 ξ
175 2217 205 2246 8.
253 2217 377 2247 Contra
393 2217 419 2247 si
435 2217 472 2247 de
487 2227 536 2247 me
550 2218 615 2257 zjoso
637 2218 780 2255 dixisset,
801 2217 1026 2258 significasset,
1047 2218 1266 2259 expectavisse
1282 2228 1316 2248 se
1332 2218 1411 2256 fore,
1431 2224 1465 2249 ut

135 2259 268 2291 Cassius
285 2260 324 2291 de
341 2259 413 2291 aliis
429 2259 617 2291 hominibus
634 2261 766 2299 diceret,
783 2271 895 2292 verum
912 2262 952 2292 de
969 2272 1002 2292 se
1019 2272 1077 2292 nec
1095 2261 1136 2292 de
1152 2261 1223 2292 aliis
1240 2261 1370 2293 dixisse.
1419 2269 1464 2292 w.
