1593 2488
170 101 216 126 10
509 88 571 126 M
607 88 787 127 TVLLI
821 87 1147 127 CICERONIS
1338 85 1418 140 [IX
1439 99 1486 136 23

163 175 219 213 tui
239 174 486 225 reliquerant,
507 174 563 213 sic
582 182 621 214 te
642 173 824 213 Plancius
843 175 920 213 hoc
943 187 1024 213 non
1045 175 1171 213 solum
1192 173 1407 224 municipii,
1427 188 1490 214 ve-

162 251 248 278 rum
267 239 385 278 etiam
399 238 607 277 vicinitatis
627 251 768 289 genere
787 238 989 276 vincebat:
1019 238 1093 276 nisi
1113 239 1212 276 forte
1231 245 1270 276 te
1291 238 1489 276 Labicana

162 311 228 342 aut
249 303 404 342 Gabina
426 311 494 342 aut
515 303 717 342 Bovillana
743 302 920 341 vicinitas
945 303 1168 350 adiuvabat,
1190 303 1332 352 quibus
1358 315 1380 341 e
1405 315 1489 342 mu-

162 367 315 417 nicipiis
334 367 399 405 vix
423 367 501 405 iarn
525 367 591 416 qui
615 380 771 405 carnem
793 366 940 405 Latinis
961 374 1096 416 petant
1114 366 1368 416 reperiuntur.
1423 367 1488 405 ad-

162 432 380 482 iungamus,
405 432 437 470 si
464 431 532 480 vis,
558 432 599 470 id
631 433 739 482 quod
769 440 811 470 tu
840 432 931 470 huic
960 433 1099 470 obesse
1129 431 1245 469 etiam
1274 439 1399 481 putas,
1424 444 1489 482 pa·
1527 449 1541 472 5

161 502 259 534 trem
280 496 531 546 publicanum
548 511 555 535 :
585 495 651 545 qui
672 496 770 533 ordo
791 502 939 544 quanto
962 494 1191 533 adiumento
1211 493 1259 532 sit
1279 494 1318 532 in
1338 495 1488 533 honore

162 560 249 610 quis
277 560 432 599 nescit?
460 561 531 598 fios
559 560 665 598 enim
695 559 870 608 equitum
901 561 1184 605 Romanorum,
1216 566 1488 597 ornamentum

160 623 337 670 civitatis,
377 625 664 661 firmamentum
702 623 757 661 rei
794 623 974 673 publicae
1015 622 1313 673 publicanorum
1351 622 1489 661 ordine

91 690 142 729 24
161 688 391 728 continetur.
450 688 536 737 quis
565 696 623 726 est
650 687 764 737 igitur
792 687 860 737 qui
888 695 1005 737 neget
1033 687 1115 725 eius
1145 687 1291 725 ordinis
1314 686 1485 726 studium

160 752 278 790 fuisse
298 751 343 790 in
357 752 507 790 honore
528 751 677 789 Plancii
703 751 926 800 singulare?
981 764 1108 800 neque
1129 750 1277 798 iniuria,
1298 753 1359 790 vel
1379 752 1487 801 quod
1508 768 1539 785 10

162 823 243 855 erat
272 823 382 866 pater
411 815 454 863 is,
485 815 552 865 qui
581 823 640 854 est
668 816 848 865 princeps
877 815 955 853 iam
985 816 1052 853 diu
1086 815 1395 865 publicanorum,
1425 817 1487 854 vel

161 881 269 929 quod
295 879 327 918 is
355 880 405 918 ab
432 880 547 918 sociis
573 879 687 918 unice
717 879 950 928 diligebatur
968 880 1029 918 vel
1058 880 1167 929 quod
1194 879 1488 929 diligentissime

160 945 333 994 rogabat,
354 945 415 982 vel
436 943 527 993 quia
546 956 617 993 pro
636 943 716 981 filio
737 943 995 993 supplicabat,
1016 945 1078 981 vel
1104 944 1212 992 quod
1231 943 1345 982 huius
1366 943 1488 994 ipsius

159 1009 199 1047 in
228 1009 337 1047 illum
370 1009 548 1047 ordinem
586 1022 741 1047 summa
777 1008 905 1047 officia
933 1016 1164 1058 quaesturae
1194 1008 1489 1058 tribunatusque

159 1076 405 1122 constabant,
425 1075 487 1112 vel
506 1075 614 1124 quod
633 1073 688 1112 illi
713 1073 754 1112 in
781 1074 859 1112 hoc
885 1074 1063 1112 ornando
1083 1073 1260 1112 ordinem
1287 1086 1330 1112 se
1350 1086 1488 1113 ornare
1507 1091 1537 1115 13

159 1148 199 1179 et
219 1140 422 1179 consulere
441 1139 571 1177 liberis
592 1138 669 1177 suis
689 1137 984 1178 arbitrabantur.

240 1205 280 1242 X
325 1202 486 1253 Aliquid
518 1201 906 1252 praeterea—timide
940 1202 1041 1248 dico,
1074 1203 1144 1241 sed
1181 1209 1314 1242 tamen
1352 1201 1484 1242 dicen-

159 1269 254 1308 dum
274 1275 404 1307 est—t
432 1281 512 1306 non
533 1268 637 1306 enim
664 1267 818 1317 opibus,
839 1280 920 1306 non
947 1267 1139 1306 invidiosa
1163 1267 1294 1318 gratia,
1315 1281 1395 1306 non
1415 1281 1486 1318 po·

159 1332 282 1371 tentia
300 1332 362 1370 vix
381 1332 553 1378 ferenda,
575 1332 645 1370 sed
671 1331 1046 1369 commemoratione
1070 1331 1263 1379 beneficii,
1286 1332 1356 1370 sed
1375 1332 1488 1370 mise-

158 1397 335 1443 ricordia,
353 1397 422 1435 sed
442 1396 622 1446 precibus
641 1395 790 1445 aliquid
810 1396 1010 1434 attulimus
1032 1395 1147 1434 etiam
1169 1409 1251 1435 nos
1295 1397 1487 1446 appellavi
1505 1415 1538 1433 20

158 1463 349 1512 populum
377 1460 563 1508 tributim,
586 1459 745 1499 submisi
769 1473 832 1498 me
858 1468 898 1498 et
924 1460 1163 1510 supplicavi:
1192 1461 1293 1499 ultro
1318 1473 1382 1499 me
1404 1461 1488 1498 her-

158 1528 244 1565 cule
272 1540 314 1565 se
341 1525 437 1564 mihi
465 1525 584 1564 etiam
615 1526 823 1572 offerentis,
859 1527 958 1564 ultro
989 1525 1209 1575 pollicentis
1243 1523 1393 1575 rogavi:
1424 1537 1488 1563 va·

89 1594 138 1632 25
158 1591 228 1629 luit
251 1604 368 1629 causa
396 1590 569 1640 rogandi,
601 1603 681 1628 non
709 1589 853 1640 gratia;
881 1603 956 1627 nec
984 1590 1015 1627 si
1042 1589 1100 1628 vir
1126 1589 1398 1639 amplissimus,
1422 1589 1486 1628 cui

158 1655 253 1694 nihil
283 1663 341 1694 est
369 1656 479 1704 quod
507 1655 656 1704 roganti
686 1654 852 1693 concedi
880 1667 961 1692 non
989 1653 1071 1693 iure
1098 1654 1231 1704 possit,
1261 1654 1312 1692 de
1340 1653 1484 1703 aliquo,

157 1728 200 1759 ut
227 1719 336 1766 dicis,
366 1733 447 1759 non
479 1719 709 1769 impetravit,
739 1732 813 1769 ego
846 1732 933 1757 sum
961 1719 1164 1768 adrogans,
1195 1718 1304 1767 quod
1333 1731 1398 1757 me
1424 1731 1486 1756 va·
1504 1733 1536 1758 25

158 1785 275 1824 luisse
303 1785 406 1824 dico.
463 1798 555 1823 narn
585 1793 627 1823 ut
656 1784 836 1823 omittam
865 1784 972 1830 illud,
1002 1784 1111 1833 quod
1139 1796 1213 1832 ego
1245 1795 1316 1833 pro
1349 1795 1398 1822 eo
1430 1783 1485 1821 la-

157 1851 357 1896 borabam,
390 1850 457 1899 qui
489 1850 644 1888 valebat
677 1848 761 1899 ipse
790 1862 860 1899 per
898 1861 994 1896 sese,
1024 1847 1173 1898 rogatio
1211 1847 1296 1897 ipsa
1331 1860 1486 1897 semper

157 1921 216 1954 est
248 1913 533 1963 gratiosissima,
567 1926 667 1963 quae
700 1921 759 1951 est
789 1911 919 1951 officio
949 1911 1245 1950 necessitudinis
1276 1911 1486 1950 coniuncta

157 1979 336 2016 maxime.
394 1991 523 2027 neque
553 1978 657 2015 enim
684 1991 757 2026 ego
784 1976 838 2015 sic
866 1977 1063 2026 rogabam,
1091 1983 1133 2014 ut
1160 1982 1292 2025 petere
1320 1975 1483 2022 viderer,

158 2042 249 2091 quia
277 2040 473 2079 familiaris
498 2048 600 2079 esset
626 2054 748 2087 meus,
771 2040 864 2089 quia
885 2040 1045 2087 vicinus,
1067 2038 1157 2089 quia
1182 2039 1295 2077 huius
1323 2047 1484 2089 parente
1501 2051 1534 2075 30

159 2117 315 2156 semper
351 2105 558 2156 plurimum
597 2118 722 2143 essem
765 2118 868 2151 usus,
908 2105 979 2143 sed
1015 2112 1058 2143 ut
1095 2103 1204 2153 quasi
1249 2103 1401 2153 parenti
1445 2111 1485 2142 et

158 2170 311 2209 custodi
344 2170 475 2208 salutis
505 2182 626 2208 meae.
685 2182 766 2207 non
797 2170 973 2219 potentia
1005 2182 1104 2216 mea,
1135 2168 1205 2207 sed
1233 2180 1352 2206 causa
1379 2180 1486 2218 roga-

159 2234 276 2274 tionis
308 2233 378 2274 fuit
410 2234 586 2285 gratiosa.
657 2247 774 2273 nemo
812 2247 901 2273 mea
932 2233 1176 2273 restitutione
1212 2234 1376 2272 laetatus
1414 2241 1484 2280 est,
