1626 2488
144 104 196 138 40
487 93 548 131 M
589 93 767 131 TVLLI
801 93 1126 132 CICERONIS
1281 91 1393 144 [XLI
1415 105 1463 143 97

147 176 187 214 in
207 176 297 215 navi
316 184 399 215 tuta
422 191 468 216 ac
493 177 599 217 fideli
619 178 847 217 conlocatus
866 190 1079 226 eorumque
1098 189 1231 226 preces
1252 182 1291 214 et
1309 183 1400 214 vota
1418 176 1469 214 de

151 254 241 279 meo
270 242 395 280 reditu
424 241 634 280 exaudiens
665 241 931 291 Dyrrachium,
963 241 1070 290 quod
1097 248 1175 278 erat
1203 240 1244 277 in
1269 241 1346 277 fide
1368 252 1467 285 mea,

83 303 134 345 98
153 312 284 353 petere
320 305 517 344 contendi.
593 319 672 354 quo
706 319 794 343 cum
827 305 1030 350 venissem,
1070 303 1246 353 cognovi,
1285 303 1326 341 id
1364 303 1471 352 quod

153 367 363 414 audieram,
385 370 564 406 refertam
592 381 677 407 esse
707 368 910 406 Graeciam
941 367 1323 406 sceleratissimorum
1351 365 1474 404 homi-

150 444 245 468 num
271 444 316 468 ac
341 431 585 477 nefariorum,
608 445 773 480 quorum
800 431 964 480 impium
989 433 1129 470 ferrum
1157 431 1342 480 ignesque
1362 430 1474 480 pesti-
1503 447 1517 470 5

149 496 249 533 seros
278 507 388 532 meus
416 495 481 534 ille
510 497 735 533 consulatus
765 508 785 533 e
814 495 994 533 manibus
1024 503 1254 533 extorserat:
1288 494 1354 544 qui
1382 503 1474 533 ante

149 572 266 607 quam
287 559 336 596 de
365 572 454 597 meo
483 560 654 597 adventu
681 559 812 597 audire
837 559 1066 608 potuissent,
1088 572 1177 596 cum
1206 567 1339 597 tamen
1365 559 1472 596 abes-

150 628 236 659 sent
260 621 409 670 aliquot
435 621 584 659 dierum
604 621 718 666 viam,
740 621 779 658 in
810 623 1087 659 Macedoniam
1116 623 1166 659 ad
1191 622 1473 670 Planciumque

149 685 309 734 perrexi.
365 686 429 723 hic
449 700 539 724 vero
559 686 674 723 simul
693 694 810 735 atque
830 700 935 724 mare
954 699 1018 724 me
1037 687 1217 725 transisse
1238 687 1474 736 cognovit-—

150 749 252 796 audi,
291 750 381 788 audi
419 759 536 799 atque
569 752 739 796 attende,
776 752 1007 798 Laterensis,
1050 760 1093 790 ut
1131 753 1228 790 scias
1268 752 1361 802 quid
1400 765 1514 802 eg010

151 813 312 851 Plancio
345 814 511 852 debeam
542 816 832 863 confiteareque
861 815 1072 864 aliquando
1100 829 1163 854 me
1197 817 1303 865 quod
1334 816 1473 854 faciam

150 883 190 913 et
219 884 324 924 grate
355 884 392 914 et
422 877 486 925 pie
516 878 658 916 facere:
700 878 791 915 huic
824 886 965 924 autem,
1001 892 1101 927 quae
1132 892 1201 928 pro
1232 881 1355 918 salute
1385 893 1474 918 mea

150 940 283 978 fecerit
303 940 334 978 si
355 941 482 979 minus
503 943 703 991 profutura
722 941 809 989 sint,
832 943 971 980 obesse
991 951 1093 981 certe
1119 957 1200 981 non
1221 952 1474 993 oportere—2

150 1016 242 1040 nam
271 1004 385 1041 simul
413 1017 458 1041 ac
484 1018 548 1042 me
583 1005 840 1054 Dyrrachium
869 1006 1042 1054 attigisse
1070 1007 1229 1053 audivit,
1265 1007 1395 1045 statim
1423 1008 1475 1046 ad

153 1080 216 1104 me
236 1067 434 1106 lictoribus
457 1069 636 1117 dimissis,
657 1069 874 1118 insignibus
899 1070 1073 1118 abiectis,
1092 1079 1198 1109 veste
1224 1078 1372 1109 mutata
1391 1084 1475 1120 pro-
1492 1084 1522 1108 15

85 1127 134 1165 99
155 1132 278 1168 fectus
306 1140 372 1170 est.
442 1145 467 1170 o
497 1134 677 1171 acerbam
706 1134 811 1181 mihi,
843 1134 1001 1180 iudices,
1031 1135 1259 1173 memoriam
1288 1135 1476 1185 temporis

153 1195 254 1233 illius
284 1204 321 1234 et
353 1196 442 1242 loci,
474 1210 563 1234 cum
598 1197 662 1235 hic
693 1197 734 1235 in
766 1198 1008 1243 meincidit,
1039 1212 1128 1236 cum
1158 1200 1384 1248 complexus
1418 1207 1476 1238 est

153 1260 447 1309 conspersitque
490 1261 658 1299 lacrimis
702 1275 777 1299 nec
815 1262 923 1311 loqui
956 1276 1048 1311 prae
1094 1276 1269 1301 maerore
1324 1263 1474 1313 potuit!

152 1337 177 1362 o
234 1338 316 1364 rem
362 1338 453 1362 cum
494 1325 629 1362 auditu
671 1326 870 1363 crudelem
910 1334 995 1364 tum
1037 1327 1122 1364 visu
1177 1327 1387 1365 nefariam!
1449 1340 1474 1366 0

152 1390 321 1438 reliquos
350 1389 477 1427 omnis
509 1389 592 1427 dies
623 1389 829 1438 noctisque
863 1402 940 1434 eas,
973 1390 1112 1438 quibus
1146 1391 1218 1428 iste
1248 1405 1271 1429 a
1303 1404 1367 1429 me
1392 1404 1472 1430 non
1490 1411 1522 1428 ρο

152 1454 339 1491 recedens
368 1452 689 1490 Thessalonicam
722 1466 786 1491 me
819 1453 859 1490 in
892 1453 1235 1503 quaestoriumque
1268 1453 1472 1503 perduxit!

153 1517 217 1554 hic
237 1530 310 1566 ego
339 1529 445 1554 nunc
471 1517 521 1554 de
549 1524 724 1565 praetore
747 1516 1006 1554 Macedoniae
1032 1517 1127 1555 nihil
1153 1517 1280 1555 dicam
1308 1517 1475 1567 amplius
1532 1556 1533 1559 ,

153 1579 228 1617 nisi
265 1593 355 1618 eum
397 1587 436 1617 et
477 1580 603 1618 civem
648 1580 839 1629 optimum
886 1593 1039 1630 semper
1083 1589 1122 1619 et
1165 1581 1261 1619 mihi
1305 1582 1474 1620 amicum

153 1644 282 1691 fuisse,
317 1645 387 1682 sed
425 1644 562 1682 eadem
601 1644 774 1683 timuisse
813 1657 912 1693 quae
950 1653 1122 1684 ceteros:
1160 1647 1232 1685 Cn.
1271 1646 1474 1684 Plancium

153 1708 270 1747 fuisse
308 1721 441 1753 unum,
477 1721 559 1746 non
597 1708 663 1757 qui
701 1708 830 1746 minus
869 1709 1032 1755 timeret,
1067 1710 1146 1757 sed,
1178 1710 1209 1747 si
1252 1710 1474 1749 acciderent
1491 1730 1522 1753 25

155 1786 211 1818 ea,
242 1785 342 1822 quae
371 1772 607 1819 timerentur,
638 1785 794 1810 mecum
833 1786 878 1810 ea
917 1773 1044 1811 subire
1083 1782 1120 1811 et
1158 1774 1309 1823 perpeti
1345 1775 1471 1813 vellet.

59 1836 134 1874 100
155 1838 232 1888 qui,
264 1851 355 1876 cum
383 1839 433 1875 ad
461 1851 525 1876 me
559 1839 602 1876 L.
632 1838 802 1884 Tubero,
834 1850 943 1875 meus
980 1837 1232 1884 necessarius,
1268 1837 1334 1887 qui
1370 1838 1476 1877 fratri

153 1915 243 1940 meo
280 1903 429 1951 legatus
465 1901 611 1949 fuisset,
651 1903 847 1940 decedens
895 1915 941 1940 ex
980 1901 1074 1939 Asia
1115 1902 1285 1940 venisset
1330 1915 1475 1952 easque

153 1966 323 2013 insidias,
354 1979 450 2016 quas
483 1966 579 2004 mihi
609 1973 760 2015 paratas
799 1967 848 2004 ab
890 1966 1083 2004 exsulibus
1121 1966 1331 2004 coniuratis
1368 1967 1476 2006 audi-

153 2038 244 2079 erat,
271 2032 322 2070 ad
348 2044 411 2069 me
438 2029 570 2068 animo
601 2029 837 2068 amicissimo
865 2030 1076 2077 detulisset,
1098 2030 1137 2067 in
1167 2030 1302 2068 Asiam
1329 2044 1393 2070 me
1420 2031 1474 2070 ire
1491 2053 1523 2077 30

152 2102 310 2145 propter
339 2094 421 2133 eius
451 2094 673 2144 provinciae
703 2107 858 2133 mecum
890 2101 927 2131 ct
960 2107 1049 2131 cum
1078 2107 1166 2132 meo
1194 2095 1307 2133 fratre
1341 2108 1474 2134 neces-

153 2157 364 2196 situdinem
402 2164 695 2207 comparantem
724 2170 804 2195 non
834 2164 892 2195 est
925 2170 1083 2206 passus:
1122 2156 1160 2194 vi
1196 2170 1270 2203 me,
1302 2157 1473 2207 inquam,

155 2222 333 2260 Plancius
354 2229 391 2260 et
411 2222 618 2272 complexu
638 2233 708 2260 suo
728 2220 885 2259 retinuit
904 2222 1127 2271 multosque
1147 2222 1290 2261 mensis
1306 2236 1329 2261 a
1348 2223 1475 2273 capite
