1593 2488
87 125 106 173 §
127 121 193 176 85]
375 141 377 144 ⁴
656 122 857 162 NOTES
1337 133 1408 171 179

89 221 132 241 on
148 221 228 252 your
247 210 517 252 candidateship.‘
564 210 749 242 Laterensis
765 210 889 242 wished
906 214 940 241 to
956 215 1024 242 cast
1040 220 1059 241 a
1075 210 1142 241 slur
1162 220 1251 250 upon
1269 210 1411 242 Cicero's

89 254 242 285 fondness
267 254 316 285 sor
342 255 499 295 punning.
551 254 644 285 Creta
663 254 850 295 fullonum,
882 253 1018 284 ‘Cretan
1044 252 1161 290 earth,'
1186 254 1206 284 i.
1218 263 1246 284 e.
1274 252 1410 289 ‘chalk‚’

89 307 154 327 was
170 297 248 327 used
264 297 313 327 for
333 297 499 337 cleansing
518 302 692 337 garments‚
715 297 821 327 I'laut.
838 296 915 327 Aul.
936 304 975 326 1v
991 305 1021 337 9,
1041 295 1061 327 6
1084 297 1144 326 scio
1156 296 1261 336 funes
1280 306 1340 327 esse
1359 296 1412 326 lzic

88 340 262 380 complures
295 340 354 380 qui
384 340 501 370 vestitu
531 343 561 369 et
587 344 693 370 creta
729 339 930 378 (=vestitu
961 343 1065 369 creta
1073 340 1117 376 to)
1152 339 1312 369 occultant
1341 349 1410 369 sese.

91 382 207 412 Hence
230 387 399 412 cretatus
421 382 448 412 is
463 382 542 413 used
565 382 613 412 sor
633 382 825 413 candidatus
840 382 884 421 by
902 382 1028 412 Persius
1045 382 1130 419 (Sat.
1143 389 1167 411 v
1184 390 1241 421 177
1265 385 1411 412 cretata

87 424 243 462 ambitio),
257 424 312 455 the
327 435 424 465 gown
438 425 535 465 being
550 425 673 456 rubbed
689 425 767 456 with
784 424 899 456 chalk
917 430 950 454 to
963 424 1060 454 make
1074 424 1097 454 it
1111 425 1236 462 whiter,
1253 424 1410 464 although

88 467 152 498 this
168 477 234 498 was
257 467 376 507 illegal,
403 478 456 498 see
473 468 545 499 Liv.
566 476 590 498 v
607 478 622 498 2
628 476 644 507 5
658 468 763 508 placet
782 468 938 498 tollendae
952 467 1141 497 ambitionis
1155 477 1253 498 causa
1268 467 1412 497 tribunos

88 510 181 551 legem
192 511 406 551 promulgare
420 521 460 541 ne
474 511 529 541 cui
549 510 678 541 album
702 511 741 542 in
764 510 1042 541 vestimentum
1065 510 1202 540 addere
1223 510 1338 540 liceret.

150 577 283 607 dictum
304 576 458 615 aliquod]
487 578 591 607 ‘some
607 576 875 614 witticisni‚’=in
900 576 983 608 later
1006 577 1104 607 Latin
1128 577 1308 607 dicterium.
1355 575 1406 607 Cf.

86 618 128 649 de
151 628 198 649 or.
217 627 244 649 11
261 621 278 657 ξ
295 629 354 649 222
379 620 452 650 llaec
467 620 583 650 scilicet
603 620 684 650 bona
707 621 819 657 dicta,
839 631 920 660 quae
933 621 1018 650 salsa
1039 621 1129 656 sint;
1152 630 1232 650 nam
1252 631 1287 650 ea
1311 619 1410 650 dicta

86 662 294 701 appellantur
306 663 442 703 proprio
461 663 527 693 iam
553 664 691 699 nomine,
718 663 787 694 Cic.
812 674 864 704 ep.
886 663 928 693 ad
953 663 1050 694 Corn.
1074 663 1161 703 Nep.
1185 673 1238 704 ap.
1259 662 1407 693 Macrob.

87 705 156 735 Sat.
176 712 204 735 11
225 714 238 735 1
263 706 280 743 ἕ
300 714 336 744 14
359 706 467 746 itaque
489 706 602 741 nostri,
625 717 699 736 cum
723 706 835 736 omnia
858 716 940 746 quae
962 706 1154 736 dixissemus
1175 706 1278 736 a'ieta
1300 710 1405 741 essent,

86 757 167 787 quae
178 747 282 788 fircete
294 752 322 778 et
335 748 475 778 breviter
487 753 517 778 et
530 753 620 779 acute
633 749 731 779 locuti
750 759 893 784 essemus,
910 759 945 778 ea
960 749 1095 789 proprio
1112 749 1240 779 nomine
1255 748 1414 788 appellari

86 790 188 820 dicta
204 791 385 830 voluerunt,
406 790 519 831 Quint.
537 791 611 822 inst.
632 802 679 822 or.
691 799 730 822 vt
749 801 776 831 3,
800 790 850 823 16.
895 793 958 822 See
974 791 1042 822 also
1056 792 1173 832 Mayor
1190 798 1223 822 to
1240 791 1310 823 Cic.
1324 791 1409 822 Phil.

89 833 243 872 11§421.
266 843 314 873 13.

150 911 173 941 1.
194 913 242 941 26.
290 912 328 941 in
349 912 556 948 petitionem
577 911 690 950 tuam]
714 913 722 928 ‘
735 910 803 949 on,'
831 911 1044 952 ‘concerning
1057 921 1139 952 your
1153 911 1253 952 being
1267 921 1287 942 a
1302 910 1411 942 candi-

86 951 187 991 date,’
203 963 256 984 see
271 963 304 984 n.
322 959 356 985 to
372 954 444 985 Cic.
460 955 501 985 de
517 954 572 985 off.
592 956 637 993 1§
654 954 732 985 281.
750 964 802 995 29·

149 1024 205 1047 me
226 1018 263 1046 id
284 1016 492 1058 perdidisse]
515 1017 556 1049 cf.
574 1017 685 1058 Quint.
700 1017 774 1048 inst.
788 1028 835 1048 or.
854 1025 891 1047 VI
911 1026 928 1056 3
946 1017 961 1054 ξ
978 1018 1017 1048 28
1034 1017 1142 1058 potius
1156 1017 1297 1048 amicum
1312 1027 1410 1058 quam

86 1058 232 1090 dictum
248 1060 419 1100 perdidi.

149 1126 175 1156 1.
191 1128 240 1157 2⁷.
287 1128 446 1163 cupidior
463 1126 563 1166 dicti]
589 1125 720 1157 ‘fonder
735 1125 772 1157 of
783 1125 919 1166 making
933 1136 952 1156 a
965 1124 1069 1166 joke.’

151 1192 213 1227 qui
235 1198 305 1222 non
327 1190 488 1232 dixerim]
516 1192 580 1222 ‘sor
605 1197 662 1223 not
689 1191 811 1232 having
826 1189 920 1227 said,’
947 1189 1152 1231 subjunctive
1176 1191 1211 1220 in
1235 1188 1410 1230 adjectival

87 1234 293 1265 consecutive
308 1235 427 1272 clause,
446 1235 577 1276 Zumpt.
595 1235 654 1266 Gr.
671 1235 687 1273 ξ
706 1244 778 1274 557.

149 1300 173 1329 1.
191 1301 240 1329 28.
283 1300 322 1329 in
343 1299 393 1338 te]
421 1300 482 1330 ‘on
497 1298 664 1340 yourself‚'
681 1299 786 1330 above
802 1298 821 1330 l.
841 1296 892 1330 26.

149 1367 171 1395 1.
189 1367 239 1395 29.
285 1367 377 1402 quod
398 1367 485 1397 mihi
505 1373 614 1401 meae,
639 1373 727 1402 quas
749 1367 794 1395 ad
816 1367 969 1400 aliquem
994 1366 1176 1401 misissem,
1203 1363 1410 1402 obfuissent]

90 1407 184 1438 Haec
200 1408 310 1438 omnia
325 1419 392 1439 non
408 1409 450 1439 ad
464 1419 565 1444 reum,
577 1408 634 1439 sed
650 1409 692 1439 ad
709 1418 839 1439 omnem
859 1406 1008 1449 (ipsum?)
1023 1408 1215 1438 Ciceronem
1233 1407 1406 1447 pertinent,

86 1451 180 1491 quasi
204 1451 349 1491 asperius
373 1462 392 1482 a
414 1451 593 1482 Laterense
619 1452 796 1492 proposita.
846 1451 936 1482 Nam
962 1451 1125 1490 significat
1148 1450 1322 1490 epistulam
1344 1459 1411 1480 non

86 1494 284 1524 mediocrem
309 1494 351 1525 ad
375 1495 476 1525 instar
492 1494 668 1525 voluminis
691 1494 857 1534 scriptam,
874 1504 973 1534 quam
993 1493 1151 1534 Pompeio
1174 1493 1208 1523 in
1226 1492 1342 1523 Asiam
1365 1492 1411 1523 de

87 1537 202 1567 rebus
224 1537 305 1567 suis
328 1537 365 1567 in
389 1538 597 1568 consulatu
627 1537 727 1578 gestis
754 1537 886 1568 miserat
915 1536 1031 1568 Cicero
1051 1536 1231 1577 aliquanto,
1260 1541 1295 1566 ut
1322 1535 1410 1566 vide-

85 1579 190 1617 batur,
205 1579 398 1611 insolentius
413 1580 580 1621 scriptam,
590 1585 626 1611 ut
642 1580 780 1621 Pompei
795 1579 1001 1610 stomachum
1017 1589 1082 1609 non
1100 1578 1309 1609 mediocriter
1323 1588 1410 1609 corn-

85 1627 231 1653 moveret
244 1630 251 1651 :
268 1623 356 1663 quod
369 1623 511 1663 quadam
521 1623 709 1664 superbiore
721 1623 876 1653 iactantia
892 1623 1044 1653 omnibus
1060 1632 1094 1652 se
1108 1621 1258 1662 gloriosis
1274 1621 1411 1652 ducibus

87 1670 312 1706 anteponeret.
363 1666 440 1696 Hoc
462 1666 561 1706 igitur
577 1666 646 1696 vult
668 1676 737 1697 esse
761 1671 946 1706 purgatum,
970 1665 1082 1696 dicens
1103 1664 1270 1695 nuntiasse
1290 1674 1324 1694 se
1346 1664 1407 1694 Cn.

86 1708 245 1749 Pompeio
260 1708 385 1749 patriae
400 1709 691 1747 conservationem,
706 1719 766 1739 nec
779 1708 952 1739 inscienter
963 1708 1005 1739 de
1021 1712 1123 1739 semet
1139 1708 1211 1748 ipso
1223 1707 1409 1747 gloriatum.

86 1750 271 1782 Obfuerunt
291 1757 400 1782 autem
419 1762 453 1782 re
469 1761 564 1782 vera:
589 1762 665 1782 nam
687 1751 733 1782 sic
751 1752 902 1782 effectum
922 1756 981 1789 est,
1000 1755 1037 1782 ut
1056 1750 1087 1782 ei
1103 1750 1279 1792 Pompeius
1299 1754 1412 1781 contra

87 1793 283 1825 Clodianam
298 1794 364 1825 vim
380 1804 448 1825 non
462 1795 731 1835 patrocinaretur.
781 1802 908 1825 SCHOL.
930 1801 1009 1825 ΒΟΒ.

149 1836 222 1867 The
237 1837 444 1868 voluminous
459 1838 555 1868 letter
570 1843 604 1869 to
621 1837 797 1878 Pompeius
812 1837 839 1868 is
858 1843 915 1868 not
931 1841 1053 1875 extant,
1072 1836 1132 1868 but
1149 1835 1204 1867 the
1219 1841 1296 1867 tone
1312 1834 1350 1866 of
1360 1835 1411 1866 his

87 1878 178 1920 reply
187 1879 295 1910 shows
310 1880 385 1911 how
400 1881 442 1911 he
457 1881 605 1911 received
621 1880 654 1911 it.
693 1881 733 1911 In
745 1891 765 1911 a
775 1881 973 1920 subsequent
983 1880 1073 1911 short
1082 1879 1179 1910 letter
1188 1884 1221 1910 to
1235 1879 1411 1920 Pompeius

87 1921 152 1962 (ep.
172 1922 215 1952 ad
237 1922 314 1953 fam.
330 1931 365 1953 v.
384 1925 414 1964 7)
438 1923 564 1961 Cicero,
585 1923 666 1954 after
685 1923 949 1964 congratulating
968 1923 1038 1954 him
1058 1933 1102 1954 on
1122 1922 1173 1953 his
1193 1922 1318 1962 victory
1334 1931 1412 1953 over

87 1964 306 2003 Mithridates,
322 1976 394 2007 says
414 1967 475 1997 ‘aa'
486 1977 536 1997 me
550 1971 656 1997 autem
671 1967 794 1997 litteras
808 1977 890 2007 quas
905 1966 1029 2004 misisti,
1045 1975 1246 2006 quamquam
1260 1965 1410 2005 exiguam

86 2007 350 2048 significationem
372 2013 446 2041 tuae
470 2019 544 2050 erga
567 2020 617 2040 me
636 2010 813 2040 voluntatis
835 2009 1001 2047 habebant,
1027 2013 1137 2039 tamen
1160 2008 1246 2038 milii
1264 2009 1339 2038 scito
1361 2008 1408 2038 iu-

86 2050 209 2080 cundas
224 2051 341 2090 fuisse.
389 2074 398 2083 .
444 2073 454 2082 .
500 2074 508 2082 .
552 2053 614 2088 Ac,
637 2063 678 2083 ne
698 2053 825 2092 ignores
850 2052 934 2093 quid
957 2062 1010 2093 ego
1039 2051 1078 2082 in
1099 2051 1162 2082 tuis
1192 2050 1309 2082 litteris
1333 2051 1410 2080 desi-

86 2092 240 2131 derarim,
257 2093 396 2125 scribam
411 2098 525 2134 aperte,
544 2095 630 2126 sicut
644 2099 675 2126 et
693 2105 761 2126 mea
778 2099 904 2126 natura
918 2098 949 2126 et
962 2098 1074 2125 nostra
1089 2094 1236 2124 amicitia
1252 2093 1405 2134 postulat.

87 2135 149 2166 Res
162 2146 214 2166 eas
222 2137 312 2177 gessi,
332 2147 475 2178 quarum
498 2138 646 2179 aliquam
661 2139 697 2168 in
713 2138 782 2168 tuis
801 2138 922 2168 litteris
940 2142 970 2168 et
983 2141 1113 2168 nostrae
1129 2136 1368 2167 necessitudinis·
1382 2140 1412 2166 et

88 2177 165 2218 reip.
181 2188 277 2209 causa
295 2180 550 2220 gratulationem
569 2181 738 2221 expectavi,
758 2191 856 2222 quam
877 2191 929 2221 ego
948 2180 1004 2211 abs
1022 2185 1052 2211 te
1065 2179 1332 2220 praetermissam
1351 2188 1412 2209 esse

87 2220 237 2259 arbitror,
255 2222 343 2262 quod
353 2232 495 2254 vererere
507 2233 548 2254 ne
560 2224 652 2254 cuius
665 2224 816 2254 animum
832 2221 1024 2263 offenderes-,⁹
1063 2221 1266 2262 Pompeius’s
1287 2231 1412 2252 answer

87 2269 122 2295 to
145 2263 200 2295 the
224 2264 326 2306 bulky
340 2265 435 2298 letter
457 2266 630 2298 contained
653 2271 712 2298 not
733 2276 753 2298 a
769 2266 860 2298 word
883 2266 920 2298 of
938 2265 1201 2307 congratulation
1224 2270 1258 2295 to
1282 2264 1410 2295 Cicero.

1160 2338 1296 2370 12—-2
