1593 2488
92 128 129 164 V
152 123 216 179 12]
338 124 458 164 PRO
499 123 584 163 CN.
615 121 880 162 PLANCIO
920 121 1143 161 ORATIO
1390 133 1410 171 5

91 213 259 265 primum
279 214 399 253 debes
415 219 563 263 putare,
579 209 757 258 comitiis,
774 208 1001 261 praesertim
1021 206 1221 255 aediliciis,
1242 206 1414 246 studium

93 292 178 318 esse
205 277 352 329 populi,
370 291 450 317 non
464 277 672 324 iudicium3
696 275 897 314 eblandita
916 274 993 321 illa,
1009 286 1090 312 non
1109 273 1315 311 enucleata
1329 285 1415 310 esse

76 342 286 392 *suffragia5
325 355 405 389 eos,
435 340 503 391 qui
531 338 754 389 suffragium
788 340 922 385 serant,
950 336 1045 387 quid
1075 335 1217 384 cuique
1248 334 1322 384 ipsi
1350 336 1416 373 de-

91 408 211 445 beant
243 405 489 445 considerare
520 404 674 454 saepius
703 416 823 453 quam
849 402 945 452 quid
973 399 1114 450 cuique
1142 413 1166 439 a
1192 412 1232 438 re
1258 398 1417 449 publica

59 493 73 517 5
92 472 291 509 debeatur.
349 469 409 509 sin
428 476 559 508 autem
586 467 708 506 mavis
734 467 830 506 illud
856 479 942 505 esse
968 464 1166 512 iudicium,
1187 477 1269 502 non
1287 462 1358 501 tibi
1376 461 1416 500 id

90 534 395 573 rescindendum
421 541 490 580 est,
512 533 582 571 sed
607 532 821 570 ferendum.
881 530 1001 568 ‘male
1021 527 1207 567 iudicavit
1225 528 1416 577 populus.’
1438 531 1485 568 11

90 606 130 638 at
150 598 347 637 iudicavit.
408 601 505 635 ‘non
521 596 681 635 debuit.'
731 603 770 634 at
789 594 930 645 potuit.
981 596 1079 632 ‘non
1099 593 1204 630 fero)
1252 600 1292 630 at
1306 593 1419 631 multi

91 660 293 700 clarissimi
329 669 368 700 et
405 659 678 711 sapientissimi
715 659 819 698 cives
852 660 1032 697 tulerunt.
1093 664 1152 696 est
1185 655 1289 695 enim
1321 658 1419 695 haec

91 726 275 766 condicio
294 726 505 765 liberorum
526 726 763 775 populorum
789 723 1079 774 praecipueque
1099 721 1213 759 huius
1233 720 1418 771 principis

43 814 75 830 10
92 791 227 842 populi
247 798 284 829 et
301 790 477 829 omniurn
491 789 667 839 gentium
682 787 832 827 domini
845 795 961 837 atque
976 786 1144 833 victoris,
1157 799 1274 835 posse
1289 786 1420 823 suffra-

91 855 163 906 giis
175 855 237 893 vel
256 856 348 893 dare
361 855 422 893 vel
442 855 646 892 detrahere
662 853 766 902 quod
789 851 881 890 velit
901 851 1061 900 cuique:
1081 858 1259 888 nostrum
1280 856 1336 888 est
1351 861 1417 886 au-

93 927 185 967 tem,
197 927 384 965 nostrum,
401 918 467 967 qui
488 917 527 955 in
547 918 622 954 hac
637 923 869 966 tempestate
889 914 1024 965 populi
1044 913 1232 952 iactemur
1246 920 1284 952 et
1298 912 1421 951 flucti-

92 986 176 1031 bus,
193 985 290 1023 ferre
309 984 465 1022 modice
482 982 616 1032 populi
635 983 867 1028 voluntates,
889 981 1057 1019 adlicere
1076 980 1232 1027 alienas,
1254 978 1419 1018 retinere

92 1057 233 1100 partas,
247 1051 400 1099 placare
420 1050 592 1087 turbatas
606 1063 616 1096 3
637 1048 805 1085 honores
827 1045 858 1084 si
879 1045 1009 1094 magni
1029 1059 1110 1083 non
1129 1051 1322 1094 putemus,
1337 1057 1418 1082 non

45 1132 75 1155 15
93 1113 231 1153 servire
244 1114 410 1163 populo3
431 1112 489 1151 sin
503 1125 569 1150 eos
584 1119 820 1160 expetamus,
838 1123 919 1148 non
933 1109 1134 1158 defetigari
1147 1108 1415 1158 supplicando.

172 1180 212 1216 V
262 1177 391 1216 Venio
412 1177 489 1215 iam
509 1178 558 1215 ad
579 1176 700 1226 ipsius
725 1174 862 1225 populi
888 1173 1017 1224 partis,
1040 1181 1082 1211 ut
1102 1172 1204 1210 illius
1225 1180 1361 1210 contra
1379 1180 1418 1210 te
1439 1180 1487 1216 12

94 1242 270 1282 oratione
300 1240 430 1291 potius
464 1253 583 1290 quam
614 1252 704 1277 mea
733 1239 942 1287 disputem.
1012 1236 1079 1286 qui
1110 1236 1141 1274 si
1169 1244 1300 1275 tecum
1328 1249 1419 1275 con-

92 1307 288 1358 grediatur
313 1312 351 1343 et
371 1305 402 1343 si
421 1318 501 1342 una
523 1302 632 1353 loqui
650 1316 748 1342 voce
776 1303 910 1352 possit,
934 1303 1032 1340 haec
1059 1302 1183 1340 dicat:
1217 1303 1306 1351 ‘ego
1335 1301 1417 1349 tibi,

94 1369 325 1415 Laterensis,
345 1369 548 1407 Plancium
577 1381 657 1406 non
683 1367 900 1417 anteposui,
923 1367 992 1404 sed
1013 1380 1102 1403 cum
1130 1364 1266 1404 essetis
1294 1378 1419 1415 aeque

42 1457 75 1474 20
93 1435 189 1474 boni
212 1434 293 1481 viri,
318 1447 452 1471 meum
477 1433 712 1471 beneficium
733 1433 785 1470 ad
805 1445 895 1470 eum
915 1431 1045 1481 potius
1067 1430 1188 1469 detuli
1208 1429 1276 1480 qui
1303 1443 1327 1468 a
1355 1443 1419 1468 me

93 1500 360 1545 contenderat,
378 1511 495 1547 quam
511 1498 561 1536 ad
578 1510 667 1535 eum
689 1496 756 1546 qui
776 1496 872 1534 mihi
890 1509 972 1535 non
987 1495 1102 1534 nimiS
1122 1496 1314 1534 submisse
1335 1509 1422 1545 sup-

92 1564 277 1615 plicarat.'
350 1563 620 1613 respondebis,
641 1564 771 1609 credo,
792 1570 831 1601 te
861 1563 1070 1612 splendore
1094 1569 1131 1600 et
1150 1569 1342 1600 vetustate
1370 1563 1422 1600 fa-

93 1629 224 1667 miliae
243 1629 384 1666 fretum
404 1640 485 1666 non
504 1627 619 1665 valde
638 1627 892 1665 ambiendum
912 1634 1082 1677 putasse.
1127 1634 1167 1665 at
1185 1640 1277 1665 vero
1298 1634 1335 1665 te
1356 1626 1421 1665 ille

92 1694 144 1731 ad
176 1705 247 1731 sua
278 1691 455 1730 instituta
487 1704 726 1740 suorumque
759 1691 952 1729 maiorum
988 1692 1168 1740 exempla
1198 1691 1420 1729 revocabit:

43 1782 75 1805 25
94 1769 248 1807 semper
275 1769 316 1795 se
345 1755 449 1794 dicet
476 1755 602 1805 rogari
630 1755 809 1802 voluisse,
833 1768 987 1804 semper
1015 1755 1089 1793 sibi
1117 1755 1350 1805 supplicari:
1379 1767 1422 1793 se

93 1823 152 1860 M.
168 1820 311 1868 Seium,
327 1819 395 1870 qui
414 1833 463 1858 ne
484 1827 705 1869 equestrem
726 1819 888 1868 quidem
909 1821 1161 1869 splendorem
1181 1820 1421 1859 incolumem

92 1900 117 1926 a
135 1885 355 1925 calamitate
369 1884 503 1923 iudicii
522 1884 686 1923 retinere
706 1884 908 1934 potuisset,
925 1884 1076 1923 homini
1095 1885 1351 1933 nobilissimo,
1369 1885 1424 1923 in-

95 1950 389 1997 nocentissimo,
404 1949 738 1999 eloquentissimo,
757 1951 813 1987 M.
833 1949 978 1997 Pisoni,
996 1950 1243 1999 praetulisse3
1263 1963 1423 2000 praepo-

95 2016 217 2054 suisse
237 2028 278 2054 se
299 2016 346 2064 Q.
363 2015 518 2060 Catulo,
540 2027 695 2052 summa
713 2014 753 2052 in
773 2014 919 2052 familia
942 2022 1048 2062 nato,
1071 2013 1357 2064 sapientissimo
1384 2021 1422 2052 et

44 2100 79 2124 30
95 2079 340 2118 sanctissimo
360 2077 455 2125 viro,
473 2091 554 2116 non
583 2078 673 2116 dico
702 2079 746 2117 C.
770 2080 990 2124 Serranum,
1013 2072 1281 2116 stultissimum
1301 2076 1423 2115 homi-

95 2142 313 2182 nem—fuit
339 2141 444 2180 enim
466 2150 598 2180 tamen
627 2141 835 2190 nobilis—,
855 2155 938 2180 non
964 2143 1008 2181 C.
1032 2142 1254 2189 Fimbriam,
1276 2154 1423 2180 novum

95 2207 422 2247 hominem—fuit
453 2207 558 2245 enim
592 2214 630 2245 et
667 2206 787 2245 animi
824 2208 916 2245 satis
954 2207 1084 2257 magni
1123 2215 1162 2245 et
1199 2205 1414 2254 consilii—,

97 2272 167 2310 sed
187 2271 258 2310 Cn.
277 2269 480 2319 Manlium,
502 2283 583 2309 non
609 2271 737 2309 solum
763 2270 988 2321 ignobilem,
1008 2283 1143 2311 verum
1164 2271 1246 2309 sine
1266 2270 1417 2316 virtute,
