1626 2488
101 2120 149 2158 95

167 84 217 131 38
382 130 385 131 ⁷
502 84 562 121 M.
598 83 777 121 TVLLI
811 83 1135 122 CICERONIS
1286 81 1423 135 [nxL
1443 96 1490 133 93

167 174 205 204 et
234 166 340 205 idem
370 180 455 204 sum
484 167 523 204 in
552 180 592 205 re
618 167 785 217 publica,
808 166 875 216 qui
904 166 958 205 fui
987 179 1149 216 semper,
1171 173 1356 204 tamenne
1383 167 1494 206 liber-

169 239 289 270 tatem
309 233 479 281 requires
503 234 661 270 meam?
690 246 807 281 quam
829 240 870 270 tu
890 232 1004 282 ponis
1027 232 1067 270 in
1093 245 1152 277 eo,
1174 232 1205 269 si
1225 245 1379 281 semper
1403 245 1493 270 cum

167 297 233 343 eis,
256 297 489 346 quibuscum
515 297 726 346 aliquando
754 297 1040 342 contendimus,
1062 297 1356 346 depugnemus3
1385 296 1495 345 quod

167 370 225 400 est
254 363 369 411 longe
399 375 531 401 secus:
571 370 671 400 stare
701 362 804 400 enim
834 375 971 400 omnes
1002 362 1191 400 debemus
1225 369 1426 410 tamquam
1455 360 1494 398 in

168 429 260 466 orbe
281 428 411 476 aliquo
431 428 485 466 rei
505 428 696 477 publicae,
719 428 785 477 qui
806 428 993 477 quoniam
1013 435 1196 472 versatur,
1219 440 1306 465 eam
1326 426 1494 476 deligere

167 501 330 542 partem,
364 494 414 531 ad
448 506 567 541 quam
601 507 672 531 nos
711 493 811 531 illius
849 493 992 531 utilitas
1031 494 1211 541 salusque
1250 491 1490 530 converterit.

168 560 350 596 XXXIX
405 571 477 607 ego
511 566 640 596 autem
673 560 744 597 Cn.
778 558 1024 607 Pompeium,
1057 571 1137 595 non
1171 558 1260 596 dico
1295 565 1495 596 auctorem

168 625 310 661 ducem
342 624 587 661 defensorem
621 622 754 660 salutis
791 636 1049 661 meae—nam
1082 624 1178 661 hacc
1211 622 1389 672 privatim
1423 623 1495 660 for-

169 695 270 726 tasse
298 688 513 725 officiorum
543 688 770 725 memoriam
791 696 829 725 et
854 687 1013 737 gratiam
1035 696 1289 736 quaerunt—,
1313 689 1382 726 sed
1403 687 1492 726 dico

169 753 256 797 hoc,
279 753 386 801 quod
415 753 465 789 ad
494 753 659 790 salutem
689 752 741 790 rei
771 753 950 801 publicae
978 753 1160 802 pertinet:
1193 767 1266 802 ego
1295 767 1385 791 eum
1411 767 1491 791 non

168 827 288 863 tuear,
313 831 430 867 quem
452 831 588 856 omnes
610 818 648 855 in
669 832 708 856 re
729 818 885 868 publica
904 818 1120 868 principem
1142 832 1226 856 esse
1246 820 1493 857 concedunt?

168 898 241 934 ego
271 886 314 923 C.
349 883 524 923 Caesaris
554 884 733 922 laudibus
761 884 898 930 desim,
930 897 1025 933 quas
1055 884 1223 933 primum
1253 885 1387 934 populi
1417 886 1490 923 Ro-

167 949 284 996 mani,
309 963 414 987 nunc
443 950 561 987 etiam
592 958 760 995 senatus,
789 949 852 987 cui
881 963 944 987 me
974 963 1128 999 semper
1156 950 1298 996 addixi,
1320 951 1494 1000 plurimis

168 1022 285 1063 atque
305 1014 554 1064 amplissimis
574 1014 727 1052 iudiciis
747 1015 901 1053 videam
923 1028 1008 1052 esse
1028 1016 1266 1053 celebratas?
1312 1024 1392 1054 tum
1414 1017 1496 1054 her-

167 1081 253 1118 cule
275 1093 337 1117 me
357 1082 544 1118 confitear
564 1094 643 1119 non
664 1080 851 1118 iudicium
872 1080 1033 1129 aliquod
1059 1081 1240 1119 habuisse
1260 1082 1310 1120 de
1331 1082 1494 1121 utilitate

167 1146 220 1184 rei
249 1146 441 1195 publicae,
469 1147 540 1184 sed
570 1146 797 1184 hominibus
828 1146 996 1183 amicum
1028 1154 1095 1184 aut
1129 1146 1330 1184 inimicum
1365 1147 1492 1186 fuisse.

100 1217 150 1254 94
168 1225 228 1259 an,
261 1225 351 1249 cum
380 1212 535 1250 videam
564 1225 704 1250 navem
736 1211 920 1250 secundis
950 1212 1075 1250 ventis
1109 1226 1264 1250 cursum
1295 1220 1494 1252 tenentem

168 1291 293 1324 suum,
315 1277 345 1315 si
372 1291 453 1315 non
480 1291 569 1316 eum
596 1285 703 1327 petat
732 1285 901 1327 portum,
925 1291 1043 1327 quem
1073 1291 1146 1328 ego
1175 1278 1386 1328 aliquando
1409 1293 1496 1329 pro-

168 1343 267 1388 bavi,
297 1343 366 1380 sed
396 1342 514 1380 alium
543 1356 624 1381 non
653 1343 781 1381 minus
811 1351 937 1381 tutum
966 1351 1084 1393 atque
1113 1344 1372 1393 tranquillum,
1403 1358 1493 1383 cum

169 1415 402 1457 tempestate
430 1421 601 1458 pugnem
629 1408 846 1458 periculose
872 1408 1001 1458 potius
1028 1422 1146 1458 quam
1167 1408 1220 1446 illi
1241 1411 1363 1448 salute
1389 1423 1494 1459 prae·
1512 1433 1525 1449 ρ

169 1472 300 1510 sertim
331 1473 531 1522 proposita
565 1474 834 1522 obtemperem
867 1481 904 1511 et
938 1475 1120 1522 paream?
1175 1487 1248 1523 ego
1276 1487 1366 1512 vero
1397 1475 1494 1513 haec

169 1535 299 1580 didici,
320 1536 417 1574 haec
438 1536 527 1583 vidi,
550 1538 647 1575 haec
674 1536 817 1586 scripta
842 1536 928 1586 legi,
950 1537 1047 1575 haec
1067 1538 1116 1575 de
1137 1537 1430 1586 sapientissimis
1457 1546 1494 1577 et

169 1599 387 1638 clarissimis
419 1599 507 1637 viris
541 1607 580 1638 et
612 1600 652 1638 in
681 1601 756 1637 hac
779 1612 819 1638 re
847 1600 1003 1649 publica
1031 1607 1069 1639 et
1097 1600 1136 1638 in
1165 1601 1248 1638 aliis
1277 1601 1494 1641 civitatibus

169 1672 426 1702 monumenta
441 1664 554 1702 nobis
571 1672 608 1702 et
624 1664 772 1702 litterae
787 1663 1053 1713 prodiderunt,
1067 1677 1148 1702 non
1165 1677 1317 1714 semper
1336 1666 1493 1704 easdem

168 1728 381 1766 sententias
409 1730 460 1766 ab
489 1728 651 1776 eisdem,
673 1729 743 1767 scd
773 1742 1040 1778 quascumque
1068 1728 1122 1766 rei
1150 1730 1329 1778 publicae
1359 1738 1490 1776 status,
1531 1754 1541 1760 -

167 1792 368 1831 inclinatio
397 1801 629 1842 temporum,
659 1794 757 1831 ratio
792 1794 1025 1832 concordiae
1059 1796 1284 1843 postularet,
1315 1808 1400 1834 esse
1429 1797 1494 1834 de-

168 1860 306 1897 fensas.
378 1859 485 1907 quod
516 1872 589 1908 ego
621 1866 658 1897 et
688 1858 798 1905 facio,
831 1859 1062 1905 Laterensis,
1093 1867 1131 1897 et
1161 1872 1314 1909 semper
1340 1860 1491 1907 faciam,

167 1922 476 1971 libertatemque,
511 1935 628 1971 quam
659 1930 701 1961 tu
730 1922 770 1960 in
799 1936 863 1961 me
899 1922 1070 1971 requiris,
1106 1936 1224 1972 quam
1258 1936 1330 1972 ego
1364 1937 1493 1973 neque

168 1985 297 2023 dimisi
325 1999 514 2035 umquam
544 1999 673 2036 neque
705 1986 909 2032 dimittam,
932 2000 1012 2024 non
1041 1986 1080 2024 in
1109 1986 1332 2036 pertinacia,
1354 1989 1424 2027 sed
1451 1988 1491 2026 in

168 2051 339 2097 quadam
359 2049 630 2088 moderatione
649 2050 817 2099 positam
837 2051 995 2099 putabo.

249 2115 324 2152 XL
378 2115 415 2152 N
419 2127 496 2152 unc
510 2114 624 2152 venio
645 2115 695 2153 ad
715 2114 808 2152 illud
831 2123 1058 2162 extremum,
1076 2113 1116 2152 in
1136 2127 1214 2164 quo
1234 2114 1374 2162 dixisti,
1395 2117 1490 2155 dum

168 2177 316 2215 Plancii
335 2177 374 2215 in
395 2191 458 2216 me
478 2178 657 2216 meritum
677 2177 804 2216 verbis
831 2179 1069 2226 extollerem,
1091 2191 1155 2217 me
1175 2192 1305 2217 arcum
1323 2181 1448 2219 facere
1468 2194 1490 2219 e

169 2244 303 2282 cloaca
321 2242 572 2293 lapidemque
592 2255 613 2281 e
633 2243 812 2293 sepulcro
832 2242 1007 2282 venerari
1025 2256 1096 2294 pro
1115 2244 1209 2282 deo:
1237 2256 1365 2294 neque
1385 2244 1490 2284 enim

1512 775 1542 790 10

1515 1105 1544 1128 15
