1593 2488
101 146 119 194 ἓ
143 142 208 196 74]
665 144 865 182 NOTES
1349 145 1420 193 165

163 231 187 260 1.
219 232 269 260 33.
315 231 410 260 (licta.
439 231 481 260 de
510 232 641 267 scripto
668 229 738 268 est]
777 230 863 260 ‘was
890 229 1055 261 delivered
1082 229 1165 260 srom
1191 227 1263 260 MS.’
1308 229 1425 261 Cicero

101 272 242 303 reminds
259 272 313 303 the
330 278 419 303 court
436 272 472 303 of
485 272 548 303 this
564 273 597 303 in
613 273 708 303 order
729 279 763 303 to
778 273 909 303 obviate
930 273 986 303 the
1009 272 1174 313 objection
1192 273 1261 303 that
1278 272 1367 303 what
1382 273 1425 303 he

100 315 163 345 had
181 315 250 346 said
267 314 304 345 os
317 315 468 346 Plancius
485 315 517 346 in
539 315 608 346 that
625 315 753 346 oration
770 326 835 346 was
857 326 875 346 a
891 316 1098 356 supplement
1121 315 1228 346 added
1245 315 1333 346 since
1350 319 1423 345 tem-

93 358 187 397 poris
207 368 315 389 causa.
363 358 416 389 On
434 358 489 388 the
512 364 639 389 custom
661 358 699 388 of
717 358 899 399 delivering
920 360 1048 389 written
1071 359 1216 389 orations
1249 358 1290 388 cf.
1313 368 1361 388 or.
1387 368 1420 399 p.

94 402 211 439 Sest.§
232 410 301 443 129,
320 411 368 432 or.
385 401 471 432 Phil.
489 409 513 432 x
529 403 546 440 ἕ
563 410 592 440 5,
613 402 654 433 de
670 407 751 433 orat.
769 403 813 440 1§
834 411 902 441 152,
921 412 972 443 ep.
993 402 1034 432 ad
1051 402 1127 432 sam.
1146 409 1170 432 x
1191 411 1238 441 13,
1262 412 1289 434 1.

156 464 257 492 homo
273 460 427 499 astutus]
443 459 621 500 ironically.

157 528 196 556 Ρ.
226 527 290 560 31,
313 526 338 554 1.
364 527 393 554 1.
441 525 474 554 ei
498 531 552 553 me
577 524 755 557 dedebam,
780 521 849 561 cul]
877 521 914 553 ‘I
937 521 1077 552 devoted
1100 520 1220 561 myself
1239 525 1273 552 to
1298 531 1360 552 one
1385 526 1419 553 to

94 567 203 598 whom
228 565 302 598 etc.’
348 565 400 597 Cf.
423 567 463 597 de
487 566 549 607 leg.
578 574 606 596 11
633 568 650 603 ἓ
677 576 693 605 5
713 571 776 606 pro
799 575 864 605 qua
890 565 1020 605 (patria)
1046 565 1133 595 mori
1153 569 1183 594 et
1199 565 1254 594 cui
1269 575 1325 595 nos
1345 569 1421 595 lotos

93 611 227 642 dedere
251 610 405 645 dehemus,
432 610 473 640 (le
499 620 563 649 rep.
587 617 614 639 11
633 610 649 646 ἓ
670 618 680 638 1
700 609 754 638 cm'
777 608 924 646 (Catoni)
949 618 998 638 me
1019 612 1121 638 lotum
1143 607 1183 638 ab
1205 608 1418 639 adulescentia

93 653 241 684 declidc‘.
287 653 437 683 Deberem
455 652 481 683 is
497 651 704 683 consecutive
720 651 924 692 subjunctive
941 650 1020 681 with
1036 651 1100 682 cui.

157 720 180 749 1.
198 721 228 748 2.
259 719 363 748 hujus
379 718 480 747 officii
491 717 585 746 tanti
601 713 821 754 servitutem]
832 714 930 745 =hoc
946 718 1072 745 tantum
1089 713 1242 751 officium,
1259 723 1325 755 quo
1338 718 1418 744 tam-

94 772 191 802 quam
206 772 314 792 servos
330 760 440 790 Planci
456 759 557 789 sactus
568 769 650 795 sum,
665 768 761 798 quein
779 758 812 788 in
826 757 969 798 parentis
984 757 1057 788 loco
1070 757 1190 787 habere
1203 757 1353 787 debeam.
1372 764 1416 788 w.

94 805 288 835 Translate:
321 807 328 819 ⁴
342 804 357 834 Ι
383 802 492 833 sealed
518 801 576 842 (lit.
601 801 712 831 bound
734 800 865 840 tighter)
888 811 942 840 my
969 799 1149 840 obligation
1170 799 1218 830 sor
1241 800 1306 830 this
1328 804 1418 840 great

94 848 216 878 service
241 847 284 887 by
308 856 327 877 a
352 846 526 885 testimony
547 844 655 874 which
680 843 797 874 should
819 844 880 873 last
902 843 951 873 for
969 841 1066 873 ever.'
1113 843 1178 873 For
1201 842 1256 873 the
1275 843 1419 883 genitive

94 891 190 930 offi‘cz'z'
203 889 244 921 cs.
264 901 295 920 n.
316 895 350 919 to
366 890 382 926 ξς
402 898 438 927 72
456 888 476 918 l.
500 897 516 926 5
531 898 539 924 ;
563 887 628 917 and
646 886 694 917 for
711 886 765 917 the
782 886 935 926 meaning
951 885 987 915 os
1005 885 1219 925 astringebam
1239 886 1280 916 de
1297 885 1351 916 off.
1373 893 1416 916 111

94 936 111 971 ᾖ
134 943 142 962 1
156 943 190 973 13
209 933 228 963 l.
252 931 298 970 16,
321 932 410 962 Brut.
431 932 446 969 ἓ
463 940 505 971 40
520 930 721 971 Lycurgum,
741 939 761 959 a
776 940 837 970 qno
851 933 895 960 est
907 929 1079 969 disciplina
1095 928 1417 959 Lacedaemonsorum

95 987 114 1007 α
121 987 135 1006 s
142 976 218 1007 tric
225 980 263 1006 la
279 975 407 1016 lqgrilms.

157 1040 182 1068 1.
207 1041 235 1068 3.
280 1039 359 1068 nolo
376 1035 695 1074 cetera—recitare]
719 1036 886 1067 suffecerat
901 1035 988 1067 enim
1005 1036 1046 1066 (le
1063 1046 1100 1066 ea
1123 1035 1269 1066 oratione
1285 1035 1415 1071 dixisse,

95 1092 160 1122 qua
186 1081 237 1111 vel
264 1080 389 1111 Senatui
418 1081 466 1110 vel
495 1081 617 1120 populo
643 1079 763 1119 gratias
782 1080 859 1120 egit.
905 1080 1003 1109 Nunc
1023 1085 1131 1109 autem
1157 1084 1188 1109 et
1211 1079 1252 1109 de
1272 1080 1417 1109 versibus

95 1126 160 1156 suis
185 1124 288 1154 facere
319 1123 517 1153 mentionem
548 1123 684 1159 videtur,
717 1132 799 1162 quos
828 1122 1093 1163 intempestivum
1124 1122 1165 1152 sit
1201 1122 1235 1152 in
1272 1122 1416 1152 iudiciali

95 1167 322 1198 dissertatione
339 1167 483 1196 recitare.
533 1165 612 1195 Non
629 1165 734 1205 potuit
756 1171 865 1195 tamen
887 1165 920 1195 'tn
943 1171 1045 1195 totum
1063 1165 1103 1195 de
1121 1165 1146 1195 is
1162 1170 1278 1195 tacere.
1327 1165 1416 1195 Nam

95 1212 136 1241 de
163 1209 331 1240 consulatu
362 1219 420 1239 suo
450 1208 577 1249 scripsit
608 1208 737 1248 poetico
768 1213 881 1245 metro,
916 1218 999 1248 quae
1030 1208 1111 1237 mihi
1141 1208 1292 1238 videntur
1316 1218 1416 1248 opera

95 1254 201 1283 minus
224 1253 323 1292 digua
347 1252 419 1282 talis
443 1251 501 1281 viri
526 1253 668 1282 nomine.
715 1258 844 1282 SCHoL.
872 1258 949 1281 BOB.
1000 1251 1115 1281 Cicero
1139 1256 1239 1281 wrote
1262 1251 1415 1281 memoirs

94 1297 132 1326 of
152 1296 202 1326 his
229 1295 415 1335 consulship
443 1295 475 1324 in
501 1294 610 1325 Greek
636 1294 732 1324 Prose
758 1293 791 1324 in
812 1301 841 1324 Β.
854 1302 883 1324 C.
914 1293 956 1325 60
984 1294 1049 1334 (ep.
1073 1294 1115 1324 ad
1139 1294 1209 1324 Att.
1237 1301 1248 1324 1
1278 1303 1314 1334 19
1335 1295 1352 1331 ἓ
1377 1303 1416 1324 10

93 1339 358 1369 cmnmenlarium
383 1337 566 1367 consulatus
593 1337 656 1366 mei
683 1338 797 1367 Gracc.-
818 1337 1025 1376 composilum
1057 1337 1137 1366 misi
1162 1337 1208 1366 ad
1234 1335 1273 1377 te)
1301 1337 1366 1367 and
1392 1347 1413 1367 a

95 1382 193 1412 Latin
210 1391 307 1422 poem
323 1391 365 1410 on
382 1380 437 1410 the
454 1390 541 1410 same
557 1380 667 1410 theme
683 1380 715 1410 in
733 1380 822 1410 three
839 1385 937 1420 parts,
954 1390 973 1409 a
990 1379 1149 1419 fragment
1166 1380 1204 1410 of
1223 1379 1277 1410 the
1293 1379 1414 1410 second

93 1424 131 1455 of
151 1424 268 1460 which,
297 1423 475 1463 consisting
500 1422 537 1453 of
563 1424 602 1462 78
624 1423 836 1460 hexameters,
862 1423 887 1453 is
911 1423 1032 1463 quoted
1057 1423 1089 1452 in
1114 1423 1155 1452 de
1177 1422 1242 1453 div.
1269 1430 1280 1452 Ι
1305 1433 1333 1453 c.
1358 1433 1414 1453 11:

92 1468 162 1498 also
179 1467 265 1497 what
282 1476 347 1496 was
364 1466 523 1506 probably
540 1476 559 1496 a
582 1465 807 1496 continuation
831 1465 868 1496 of
887 1465 950 1496 this
973 1465 1006 1496 in
1031 1465 1120 1496 three
1145 1465 1256 1496 Books
1277 1465 1315 1495 de
1337 1470 1413 1495 tem-

83 1510 220 1551 poribus
241 1510 310 1539 suis
337 1515 370 1539 to
394 1509 500 1539 which
521 1508 562 1539 he
589 1509 687 1539 refers
706 1509 739 1538 in
766 1519 818 1549 ep.
840 1508 882 1539 ad
903 1508 979 1538 fam.
999 1515 1010 1538 Ι
1034 1517 1053 1548 9
1075 1509 1091 1546 ἓ
1114 1518 1153 1548 ²3
1177 1509 1294 1548 scrzspsi
1316 1509 1414 1538 eliam

92 1553 234 1584 versibus
248 1557 311 1582 tres
325 1552 423 1582 libros
438 1552 462 1581 (ι’
465 1562 480 1582 e
501 1556 571 1581 tem
573 1556 619 1591 po
627 1551 686 1581 rz'b
693 1562 737 1581 us
761 1551 868 1586 meis,
888 1562 965 1592 quos
983 1551 1050 1581 iam
1065 1552 1193 1591 pridem
1210 1551 1255 1581 acl
1266 1556 1295 1581 le
1309 1552 1412 1581 misis-

90 1606 166 1631 sem,
196 1595 228 1626 si
259 1606 320 1626 esse
347 1595 477 1625 edendos
498 1599 784 1634 putassem—sunt
813 1595 899 1625 enim
929 1599 1015 1624 testes
1044 1599 1073 1624 et
1100 1599 1201 1624 erunt
1227 1594 1418 1634 sempiterni

92 1639 280 1670 meritorum
296 1640 371 1677 erga
388 1648 437 1667 me
449 1642 580 1668 luorum
597 1647 741 1676 meaeque
753 1637 938 1677 pietalis——‚
954 1637 1017 1673 sed,
1034 1637 1113 1677 quia
1127 1637 1259 1668 verebar
1273 1648 1338 1668 non
1354 1648 1413 1673 eos,

91 1682 150 1723 qui
167 1692 199 1712 se
221 1681 317 1712 laesos
339 1680 745 1711 arl’z'lrarentur-——elenim
769 1680 806 1710 id
815 1680 887 1720 feci
901 1685 1002 1720 parce
1022 1684 1053 1711 et
1075 1680 1267 1718 molliter—‚
1288 1680 1343 1710 sed
1354 1691 1412 1715 cos,

91 1735 168 1766 quos
193 1728 263 1755 erat
287 1723 462 1764 infinitum
489 1723 562 1753 bene
590 1723 628 1753 de
656 1733 706 1753 me
733 1723 859 1753 merilos
887 1723 992 1753 omnis
1022 1724 1192 1754 nominare
1213 1721 1231 1737 ⁴¹*
1257 1722 1274 1737 ’θ
1288 1734 1301 1759 ;
1337 1734 1414 1763 qnos

91 1774 199 1798 tamen
219 1767 302 1807 ipsos
322 1767 429 1803 libros,
447 1766 479 1796 sz'
495 1776 596 1807 quem,
616 1766 671 1796 cui
688 1770 767 1796 recle
782 1766 987 1803 committam,
1009 1765 1169 1802 invenero,
1185 1765 1301 1796 curabo
1321 1766 1367 1796 ad
1386 1772 1414 1796 le

85 1810 291 1852 perferendos.
338 1809 431 1850 They
447 1809 620 1839 contained
637 1819 679 1838 an
695 1814 833 1840 account
856 1808 893 1839 of
911 1809 961 1839 his
982 1809 1161 1849 sufferings,
1181 1809 1232 1839 his
1248 1809 1332 1839 exile
1347 1810 1412 1840 and

91 1853 200 1884 recall.
245 1853 327 1883 Two
349 1852 431 1883 lines
454 1853 531 1892 only
554 1852 677 1882 remain
703 1852 830 1891 (Quint.
852 1858 892 1882 XI
918 1859 929 1882 1
947 1852 963 1889 ἓ
982 1862 1021 1891 24
1040 1852 1104 1882 and
1129 1859 1169 1883 IX
1190 1864 1211 1892 4
1232 1853 1249 1889 ξ
1270 1852 1336 1890 41),
1356 1852 1413 1882 the

91 1897 217 1927 famous
246 1896 358 1926 cedant
381 1905 478 1925 arma
508 1899 603 1935 togae,
630 1895 775 1926 concedat
803 1895 918 1926 laurea
947 1895 1042 1925 laudi
1066 1894 1132 1925 and
1161 1904 1179 1926 0
1196 1895 1412 1936 forlmzalam

91 1943 204 1970 natam
219 1948 268 1969 me
281 1938 405 1969 consule
417 1938 566 1969 Romam.

153 2004 176 2034 1.
190 2005 220 2034 4.
246 2004 292 2033 ad
301 2001 452 2041 tempus]
473 2001 540 2033 ‘for
556 2002 611 2033 the
627 2000 802 2040 occasion‚’
817 2002 882 2033 ‘for
897 2001 952 2033 the
962 1999 1154 2043 nonee,’ep.
1166 2001 1208 2032 ad
1223 2001 1300 2033 fam.
1313 2009 1337 2032 X
1348 2011 1376 2041 9,
1393 2013 1411 2043 3

90 2046 144 2076 ad
156 2050 305 2085 tempus
318 2046 488 2076 consilium
503 2045 641 2086 capiam,
659 2046 732 2076 Liv.
749 2041 948 2084 XXV11st42‚
969 2054 985 2084 5
1003 2046 1073 2075 dux
1093 2045 1235 2075 militari
1255 2045 1412 2085 szgffivglb

90 2089 140 2119 ad
152 2092 297 2128 tempus
311 2088 417 2125 lectus,
439 2095 482 2118 111
499 2087 551 2128 64,
572 2089 687 2129 4fhrte
700 2088 841 2129 quadam
858 2089 940 2119 utili
953 2088 1003 2119 ad
1015 2093 1177 2130 tempus,
1197 2088 1268 2120 Cic.
1287 2089 1328 2120 de
1344 2099 1408 2119 ain.

91 2135 107 2170 ξ
125 2140 174 2172 53.
223 2130 275 2162 Cf.
292 2130 438 2172 temporis
453 2141 560 2170 causa,
579 2132 595 2170 ξ
615 2140 650 2172 7²
669 2131 691 2162 1.
710 2141 761 2172 33,
779 2132 795 2170 ἓ
813 2140 852 2172 74
869 2131 890 2163 l.
913 2129 965 2163 26.
1410 2141 1414 2144 ’
