1626 2488
196 103 270 128 220
585 93 704 131 PRO
747 93 833 131 CN.
868 93 1133 132 PLANCIO

192 177 414 208 Brundisium
435 178 595 220 oppidum
616 178 788 210 Calabriae
817 178 993 216 orientalis,
1015 179 1103 210 unde
1125 179 1276 211 traiectus
1293 178 1327 211 in
1344 179 1513 212 Graeciam

235 231 523 272 frequentissimus,
542 232 575 264 h.
596 232 773 264 Brindisi
789 232 829 264 96
845 242 894 272 21,
915 233 955 265 97
970 231 1009 264 26

194 286 346 316 Brutus:
369 296 400 316 v.
417 296 442 317 s.
463 287 586 317 Iunius

840 387 866 418 C

199 447 331 479 Caeclliz‘
345 448 493 480 Metelli:
515 459 627 480 eorum
644 454 784 481 stemma
799 450 840 480 89
858 460 889 490 p.
912 449 982 489 187,
999 450 1154 492 triumphi
1171 451 1212 482 89
1225 462 1264 491 ²4

199 503 236 541 Q.
266 502 424 532 Caecilius
447 503 597 534 Aletellus
620 504 658 533 L.
674 503 708 544 s.
737 503 942 538 Numisium,
968 514 1033 535 cos.
1062 515 1091 536 a.
1131 515 1199 547 109.
1225 516 1284 546 pro
1307 515 1372 537 cos.
1400 516 1430 537 a.
1461 506 1521 537 108

240 566 314 586 cuin
347 556 504 596 Iugurtha
527 557 691 598 praeclare
724 557 889 597 pugnavit.
949 559 1120 598 expulsum
1142 559 1272 590 civitate
1295 570 1315 590 a
1343 559 1379 591 L.
1409 559 1519 590 Satur-

241 609 320 639 nino
343 613 380 639 tr.
410 609 454 650 pl.
479 609 520 646 (a.
548 607 630 649 100),
654 609 741 650 quod
759 610 846 639 solus
864 611 896 639 in
913 609 999 650 leges
1016 610 1084 641 eius
1100 610 1203 641 iurare
1220 611 1376 649 noluerat,
1396 612 1520 652 pietate

246 673 302 694 sua
319 663 512 694 auctoritate
528 668 658 694 senatus
674 674 834 694 consensu
852 665 964 704 populi
983 665 1124 695 Romani
1141 666 1280 697 restituit
1296 667 1471 706 patremssfl
1486 675 1521 705 17

202 719 239 757 Q.
256 718 417 754 siletellus,
431 718 487 759 qui
503 718 578 749 inde
595 729 777 759 cognomen
793 719 848 749 Psi
861 725 1052 751 consecutus
1068 724 1125 758 est,
1142 731 1171 751 a.
1185 730 1244 764 993
1262 721 1408 762 pontifex
1423 731 1521 759 max„

247 776 395 801 mortuus
411 775 459 802 est
476 781 504 801 a.
524 771 576 811 63.
624 771 667 802 ab
683 781 722 802 eo
738 772 912 812 adoptatus
928 777 976 803 est

204 824 240 862 Q.
272 824 429 855 Caecilius
451 824 604 855 Aletellus
627 824 708 855 Pius
722 825 836 865 Scipio,
863 826 920 867 qui
943 826 1046 858 suerat
1064 826 1099 857 P.
1125 826 1224 858 Corn.
1254 826 1367 868 Scipio
1390 827 1523 865 Nasica,

244 877 327 908 filius
345 878 379 909 P.
401 877 500 909 Corn.
522 878 684 919 Scipionis
701 879 842 910 Nasicae
858 890 906 920 pr.
924 890 954 910 a.
972 891 1013 923 94
1034 884 1066 911 et
1083 880 1239 918 Liciniae,
1263 880 1371 912 Crassi
1391 880 1527 911 oratoris
1543 879 1545 881 ’

244 931 339 970 filiae,
365 942 431 963 cos.
456 942 485 964 a.
510 942 548 972 5²
573 943 648 963 cum
673 933 832 974 Pompeio
853 933 910 974 qui
932 933 1119 965 Corneliam
1141 933 1242 964 filiam
1267 934 1335 965 eius
1359 933 1462 972 duxit,
1481 933 1528 964 in-

243 986 389 1017 tercessit
406 996 465 1027 pro
483 986 613 1017 Calidio
629 992 800 1027 praeturae
815 987 992 1018 candidato
1009 986 1049 1019 69
1064 997 1104 1027 30

206 1041 242 1079 Q.
274 1040 433 1071 Caecilius
459 1041 608 1071 Metellus
633 1042 671 1072 L.
692 1042 726 1083 s.
758 1041 910 1080 Creticus,
942 1052 1008 1072 cos.
1039 1051 1067 1072 a.
1104 1039 1156 1084 69.
1190 1051 1218 1072 a.
1247 1038 1374 1072 68-66
1398 1041 1530 1072 Cretam

245 1093 401 1132 subiecit3
425 1094 485 1124 sub
501 1104 540 1124 eo
557 1094 618 1125 Cn.
642 1093 792 1125 Plancius
809 1095 903 1125 miles
919 1093 978 1125 fuit
995 1094 1028 1124 in
1045 1094 1145 1125 Creta
1162 1093 1202 1125 27
1214 1095 1264 1132 28,
1285 1093 1325 1124 61
1341 1104 1378 1134 14

207 1148 310 1178 Gaius
328 1147 458 1178 Caelius
477 1147 608 1183 Caldus,
625 1152 665 1178 tr.
683 1147 728 1187 pl.
747 1158 776 1179 a.
802 1157 858 1188 107
876 1148 982 1188 legem
1006 1147 1210 1178 tabellariam
1232 1147 1317 1183 tulit,
1340 1157 1404 1178 cos.
1425 1157 1455 1178 a.
1475 1156 1528 1188 94,

246 1201 437 1232 adulescens
453 1201 651 1232 clarissimus
668 1201 775 1232 Mario
792 1202 931 1240 deditus,
950 1212 978 1233 a.
1000 1202 1038 1233 C.
1062 1201 1219 1242 Pompeio
1239 1207 1409 1243 superatus
1427 1211 1457 1231 a.
1476 1202 1526 1242 83.

248 1255 309 1286 sub
325 1255 412 1286 idern
429 1260 558 1296 ternpus
575 1255 699 1286 occisus
715 1261 773 1294 est,
791 1256 830 1285 52
852 1267 888 1287 12

210 1310 378 1340 Caesares:
401 1319 432 1340 v.
452 1319 475 1340 s.
493 1308 581 1340 Iulii
598 1309 749 1340 Caesares

210 1364 246 1403 Q.
270 1363 426 1402 Calidius,
454 1369 547 1405 pater
569 1365 706 1395 oratoris
729 1365 776 1395 M.
803 1364 924 1395 Calidii
942 1363 1048 1403 (Brut.
1065 1375 1093 1396 c.
1116 1372 1155 1405 '70
1174 1370 1205 1396 ct
1227 1362 1292 1404 80),
1309 1368 1349 1395 tr.
1366 1364 1412 1405 pl.
1429 1374 1458 1394 a.
1476 1373 1526 1406 99,

250 1420 318 1451 eius
334 1420 405 1460 lege
423 1419 465 1459 Q.
485 1419 639 1451 Metellus
655 1420 688 1450 in
706 1420 870 1451 civitatem
887 1420 1055 1451 restitutus
1071 1425 1129 1459 est,
1151 1420 1190 1451 (39
1209 1429 1247 1459 25

207 1474 248 1504 L.
279 1472 485 1514 Calpurnius
510 1473 588 1504 Piso
616 1472 824 1508 Caesoninus,
856 1482 922 1504 cos.
946 1483 976 1504 a.
1010 1473 1049 1512 58
1074 1483 1148 1504 curn
1172 1473 1213 1504 A.
1240 1472 1395 1508 Gabinio,
1419 1472 1453 1504 in
1476 1482 1533 1503 eos

250 1526 413 1557 invehitur
430 1526 545 1558 Cicero
562 1525 603 1557 86
622 1536 656 1558 11
670 1537 680 1565 3
704 1527 772 1557 eius
788 1526 890 1557 filiam
906 1526 1120 1567 Calpurniam
1141 1526 1262 1557 Caesar
1277 1537 1412 1557 uxorem
1428 1525 1530 1556 duxit.

212 1582 359 1619 Cast-nas,
379 1580 535 1612 oriundus
550 1591 570 1611 a
588 1581 715 1619 Casino,
741 1580 865 1622 oppido
885 1580 1080 1611 Volscorum
1103 1580 1136 1610 in
1161 1580 1267 1618 Latio,
1294 1579 1328 1610 h.
1352 1578 1529 1618 Cassino,

252 1636 293 1666 22
311 1647 327 1667 a
334 1645 350 1675 5

215 1690 319 1721 Gaius
337 1690 468 1721 Cassius
482 1689 663 1731 Longinus,
683 1689 832 1720 tribunus
848 1687 893 1730 pl.
911 1698 978 1719 non
994 1687 1098 1718 sactus
1115 1691 1174 1725 est,
1194 1696 1262 1718 cos.
1279 1697 1307 1717 a.
1324 1683 1376 1727 96,
1396 1686 1438 1717 52
1454 1697 1492 1726 14

211 1743 333 1775 Lucius
366 1743 496 1775 Cassius
517 1743 700 1784 Longinus,
724 1742 822 1773 frater
845 1741 907 1773 Gai
934 1741 1049 1779 Cassii,
1081 1740 1136 1782 qui
1165 1740 1338 1771 Caesarem
1361 1739 1530 1777 interfecit,

254 1797 453 1839 subscriptor
475 1797 661 1829 Laterensis
684 1797 718 1828 in
740 1807 837 1828 causa
861 1796 1047 1834 Planciana,
1067 1795 1234 1826 familiaris
1250 1794 1417 1826 Ciceronis
1427 1794 1469 1825 58
1483 1794 1534 1832 28,

255 1851 296 1883 68
317 1862 343 1888 1,
360 1851 401 1884 69
421 1862 468 1891 14,
488 1851 528 1883 71
549 1861 585 1891 15

217 1905 294 1937 Cato
305 1918 315 1937 .·
335 1916 365 1936 v.
375 1915 402 1937 s.
418 1906 555 1937 Porcius

216 1959 373 1991 Catulus:
394 1969 424 1990 v.
441 1969 466 1991 s.
484 1959 640 1990 Lutatius

217 2013 344 2044 Cicero:
365 2022 432 2043 v.s.
454 2012 583 2043 Tullius

213 2067 266 2098 M.
281 2066 417 2108 Cispius,
430 2070 470 2096 tr.
483 2066 527 2107 pl.
540 2076 569 2097 a.
585 2072 635 2107 57,
652 2066 693 2097 de
703 2065 827 2096 ambitu
838 2069 1016 2104 accusatus,
1031 2075 1050 2096 a
1067 2064 1226 2097 Cicerone
1238 2063 1344 2096 amico
1356 2063 1472 2096 frustra
1481 2064 1538 2096 de·

256 2120 372 2158 sensus,
391 2130 411 2151 a
425 2119 586 2151 iudicibus
602 2119 838 2150 condemnatus
853 2124 902 2150 est
919 2119 959 2151 75
976 2120 1005 2157 8,
1029 2118 1221 2159 szcpianum
1237 2118 1394 2149 iudicium
1411 2117 1451 2150 76
1468 2127 1509 2149 20

215 2166 342 2216 Appius
367 2174 526 2206 Claudius
547 2173 689 2205 Pulcher
704 2173 844 2213 (minor),
870 2183 911 2204 ex
934 2173 1080 2205 Caecilia
1102 2173 1240 2204 Metella
1262 2176 1355 2214 pater
1371 2172 1407 2203 P.
1426 2171 1538 2204 Clodii

259 2233 299 2259 tr.
315 2227 362 2269 pl.
379 2238 407 2258 a.
429 2229 480 2268 58,
499 2226 722 2258 nobilissimus
744 2226 855 2266 homo,
875 2227 950 2258 vivo
972 2231 1064 2268 patre
1080 2236 1138 2258 suo
1155 2226 1192 2258 C.
1214 2225 1362 2265 Claudio,
1382 2225 1539 2267 potentis·
