1593 2488
54 485 67 510 5

36 811 67 828 10

36 1460 68 1477 20

36 1783 67 1807 25

88 124 224 162 XXIV
245 120 312 175 58]
350 122 470 161 PRO
511 122 598 161 CN.
629 121 893 161 PLANCIO
936 122 1156 161 ORATIO
1363 137 1408 173 23

88 214 258 260 optimus
291 208 359 255 vir,
395 207 560 246 nimium
592 207 765 246 retinens
803 207 990 257 equestris
1022 206 1112 245 iuris
1151 215 1190 246 et
1226 208 1413 248 libertatis

86 274 260 314 videtur:
298 273 410 312 multi
443 273 562 312 etiam
596 285 826 310 communes
858 271 1007 310 inimici
1036 286 1190 310 reorum
1223 273 1411 321 omnium,

86 338 151 389 qui
180 338 234 377 ita
267 351 419 388 semper
449 337 718 376 testimonium
750 338 801 375 de
838 336 987 375 ambitu
1018 337 1163 382 dicunt,
1200 337 1309 387 quasi
1347 347 1413 377 aut

85 412 269 442 moveant
288 403 440 441 animos
460 402 633 441 iudicum
654 401 732 440 suis
753 401 985 440 testimoniis
1006 410 1072 440 aut
1091 410 1243 451 gratum
1264 405 1412 452 populo

88 472 271 508 Romano
301 469 360 517 sit,
382 476 448 508 aut
474 470 524 507 ab
552 481 599 506 eo
624 467 774 506 facilius
802 470 853 506 ob
881 481 968 506 eam
998 481 1155 505 causam
1181 468 1412 517 dignitatem

84 549 203 585 quarn
234 537 373 573 volunt
406 542 706 583 consequantur.
757 533 990 582 quibuscum
1021 546 1096 579 mc,
1131 533 1288 581 iudices,
1322 547 1412 583 pug-
1434 536 1480 573 56

84 606 246 636 nantem
274 611 384 636 more
422 611 511 635 meo
545 596 708 646 pristino
739 609 821 634 non
850 595 1056 634 videbitis:
1096 609 1176 634 non
1208 609 1288 645 quo
1317 597 1412 635 mihi

84 664 141 701 sas
168 662 216 701 sit
245 662 455 712 quicquam
483 662 665 711 defugere
694 662 803 710 quod
833 662 935 699 salus
966 661 1114 699 Plancii
1135 662 1320 711 postulet,
1342 662 1411 699 sed

84 726 174 777 quia
206 740 334 776 neque
372 740 532 764 necesse
566 732 624 764 est
661 739 725 763 me
758 725 798 763 id
832 725 1013 774 persequi
1049 739 1159 771 voce,
1195 726 1304 774 quod
1341 738 1411 764 vos

85 798 219 829 mente
237 789 411 838 videatis,
437 797 475 828 et
502 790 609 839 quod
636 789 690 827 ita
716 790 767 827 de
790 802 854 827 me
879 788 1005 827 meriti
1025 796 1115 827 sunt
1132 788 1187 826 illi
1207 788 1290 838 ipsi,
1313 802 1411 838 quos

85 867 159 904 ego
184 854 293 892 testis
313 854 430 892 video
459 861 626 903 paratos,
648 860 691 890 ut
715 865 852 890 eorum
878 851 1224 901 reprehensionem
1244 865 1313 890 vos
1332 865 1414 889 ves-

85 927 166 957 trae
198 919 430 969 prudentiae
463 919 681 964 adsumere,
717 930 828 955 meae
862 917 1079 955 modestiae
1116 917 1312 955 remittere
1349 919 1414 956 de-

87 983 219 1022 beatis.
276 983 371 1021 illud
402 996 524 1021 unum
551 995 622 1021 vos
655 995 798 1031 magno
831 995 950 1031 opere
979 995 1047 1019 oro
1086 989 1204 1031 atque
1235 983 1412 1028 obsecro,

85 1047 244 1093 iudices,
272 1060 363 1085 cum
389 1046 512 1093 huius,
536 1059 653 1095 quem
684 1046 868 1091 defendo,
889 1053 974 1082 tum
1003 1043 1224 1083 communis
1252 1045 1413 1095 periculi

86 1124 214 1158 causa,
249 1125 298 1150 ne
332 1111 430 1149 fictis
464 1109 740 1156 auditionibus,
776 1122 827 1147 ne
866 1109 1121 1147 disseminato
1159 1108 1413 1159 dispersoque

86 1176 256 1216 sermoni
291 1178 464 1214 fortunas
503 1174 772 1213 innocentium
807 1173 1055 1212 subiciendas
1086 1175 1239 1224 putetis.
1301 1173 1413 1212 multi
1434 1176 1482 1213 57

85 1243 201 1282 amici
229 1241 474 1286 accusatoris,
497 1254 577 1278 non
604 1239 699 1277 nulli
726 1239 843 1277 etiam
871 1239 992 1277 nostri
1018 1239 1152 1288 iniqui,
1174 1238 1286 1277 multi
1310 1252 1415 1277 com-

85 1322 224 1347 munes
254 1309 534 1346 obtrectatores
568 1312 685 1355 atque
715 1304 892 1342 omnium
918 1304 1039 1342 invidi
1066 1306 1188 1342 multa
1207 1305 1412 1342 finxerunt.

84 1371 181 1410 nibil
200 1379 258 1410 est
277 1378 410 1408 autem
431 1377 512 1407 tam
531 1369 688 1407 volucre
709 1381 828 1418 quam
849 1367 1122 1406 maledictum:
1149 1367 1245 1405 nihil
1264 1367 1414 1406 facilius

87 1437 283 1483 emittitur,
305 1435 399 1474 nihil
419 1434 530 1473 citius
552 1433 751 1484 excipitur,
777 1432 891 1471 latius
912 1433 1130 1482 dissipatur.
1178 1446 1308 1482 neque
1328 1446 1412 1482 ego,

85 1502 116 1542 si
142 1504 293 1541 fontem
319 1499 518 1539 maledicti
543 1498 753 1548 reperietis,
776 1505 819 1536 ut
844 1498 1058 1547 neglegatis
1078 1505 1144 1536 aut
1165 1497 1416 1536 dissimuletis

85 1580 272 1617 umquam
292 1565 502 1616 postulabo
519 1579 527 1602 ε
548 1564 619 1602 sed
639 1563 671 1602 si
687 1563 783 1613 quid
799 1562 883 1601 sine
898 1563 1027 1612 capite
1043 1563 1218 1601 manabit
1238 1570 1305 1600 aut
1321 1562 1414 1612 quid

86 1632 156 1671 erit
172 1631 254 1670 eius
270 1629 378 1668 modi
395 1637 438 1667 ut
458 1641 539 1667 non
560 1635 685 1666 exstet
706 1635 849 1674 auctor,
867 1626 934 1677 qui
949 1627 1114 1666 audierit
1134 1636 1264 1666 autem
1281 1636 1347 1666 aut
1362 1627 1417 1665 ita

85 1697 296 1747 neglegens
315 1695 427 1733 vobis
448 1707 533 1732 esse
553 1692 758 1741 videbitur,
787 1702 830 1732 ut
854 1695 961 1732 unde
989 1693 1154 1732 audierit
1181 1694 1325 1732 oblitus
1355 1693 1413 1739 sit,

86 1761 161 1800 aut
181 1760 236 1799 ita
264 1761 393 1798 levem
422 1757 584 1797 habebit
612 1766 826 1804 auctorem,
856 1766 899 1796 ut
928 1758 1117 1797 memoria
1145 1758 1306 1808 dignum
1334 1772 1413 1797 non

85 1824 239 1876 putarit,
260 1824 373 1862 huius
393 1824 458 1862 illa
475 1836 553 1862 vox
569 1822 734 1872 volgaris
753 1823 923 1861 ‘audivi'
944 1836 994 1861 ne
1014 1822 1110 1873 quid
1128 1823 1330 1862 innocenti
1348 1835 1416 1861 reo

84 1897 236 1936 noceat,
259 1902 426 1928 oramus.

164 1955 304 1993 XXIV
359 1954 438 1992 Sed
451 1951 664 1991 venio‘iam
684 1952 734 1990 ad
755 1953 799 1990 L.
816 1952 1009 1999 Cassium,
1022 1952 1251 1991 familiarem
1270 1966 1414 1999 meum,
1436 1957 1483 1993 58

86 2019 194 2059 cuius
213 2032 260 2058 ex
279 2017 454 2057 oratione
473 2031 524 2056 ne
542 2017 652 2055 illum
668 2016 828 2066 quidem
844 2016 1069 2054 Iuventium
1084 2024 1214 2055 tecum
1235 2024 1414 2066 expostu-

39 2103 72 2128 30
89 2083 174 2131 lavi,
196 2097 313 2133 quem
332 2082 398 2120 ille
418 2081 527 2120 omni
547 2089 586 2119 et
611 2080 856 2118 humanitate
883 2088 922 2118 et
941 2079 1083 2118 virtute
1110 2088 1267 2119 ornatus
1287 2081 1418 2117 adule-

90 2161 202 2187 scens
227 2147 393 2197 primum
413 2147 464 2184 de
484 2147 602 2196 plebe
627 2145 796 2183 aedilem
823 2146 993 2183 curulem
1021 2147 1167 2183 sactum
1194 2157 1278 2183 esse
1305 2143 1410 2182 dixit.

90 2212 131 2250 in
159 2224 248 2261 quo,
271 2210 393 2258 Cassi,
415 2209 447 2249 si
474 2210 545 2248 tibi
573 2210 629 2247 ita
655 2210 927 2258 respondeam,
958 2208 1128 2246 nescisse
1157 2208 1196 2246 id
1225 2208 1413 2257 populum

92 2278 329 2323 Romanum,
357 2285 486 2323 neque
515 2272 632 2310 fuisse
663 2272 730 2321 qui
760 2272 801 2310 id
834 2271 949 2310 nobis
978 2277 1157 2317 narraret,
1188 2268 1412 2319 praesertim
