1593 2488
160 88 205 123 18
494 86 555 124 M.
591 85 772 124 TVLLI
806 85 1131 123 CICEROAUS
1237 82 1399 137 [xvm
1420 93 1472 132 44

152 173 317 213 libenter
338 173 525 219 audirent,
547 185 620 210 nos
645 185 726 211 non
755 171 891 210 timide
919 172 1201 210 confiteremur.
1259 170 1339 210 noli
1368 171 1472 210 enim

152 244 298 286 putare,
334 235 564 282 Laterensis,
604 235 752 285 legibus
789 235 882 280 istis,
923 247 1018 284 quas
1056 242 1212 272 senatus
1246 235 1295 273 de
1323 234 1472 273 ambitu

152 300 290 338 sanciri
326 301 502 347 voluerit,
541 300 581 338 id
620 312 704 338 esse
741 306 883 347 actum,
921 306 964 337 ut
1001 299 1232 348 suffragatio,
1267 306 1310 337 ut
1347 300 1474 338 obser-

150 363 290 412 vantia,
321 371 364 402 ut
395 364 515 413 gratia
545 364 765 402 tolleretur:
805 376 958 412 semper
990 365 1143 401 suerunt
1170 363 1240 400 viri
1269 363 1376 410 boni,
1407 363 1474 412 qui

81 425 130 462 45
151 429 258 477 apud
286 428 434 467 tribulis
468 441 558 466 suos
586 427 741 477 gratiosi
770 441 854 465 esse
884 429 1036 466 vellent.
1110 440 1238 476 neque
1268 441 1360 466 vero
1393 435 1472 466 tam
1511 448 1526 472 5

151 492 269 529 durus
289 491 328 529 in
348 493 504 541 plebem
525 500 657 530 noster
676 493 772 530 ordo
792 492 874 538 fuit,
897 500 938 530 ut
959 506 1043 530 eam
1069 493 1143 531 coli
1169 500 1301 530 nostra
1320 492 1475 531 modica

151 556 380 595 liberalitate
399 556 577 603 noluerit,
596 570 723 606 neque
748 557 826 595 hoc
851 557 981 595 liberis
1001 557 1141 595 nostris
1162 557 1473 596 interdicendum

151 627 221 666 est,
256 634 305 658 ne
343 622 550 659 observent
586 621 736 659 tribulis
767 634 868 667 suos,
904 634 953 659 ne
992 621 1165 670 diligant,
1199 635 1249 659 ne
1283 622 1475 660 conficere

150 684 376 722 necessariis
405 683 483 721 suis
513 697 620 722 suam
650 684 793 721 tribum
822 684 984 733 possint,
1008 698 1057 722 ne
1086 698 1155 734 par
1182 686 1231 723 ab
1259 685 1312 723 eis
1332 698 1474 723 munus

150 748 190 786 in
217 761 287 785 sua
315 748 503 797 petitione
532 756 782 796 exspectent:
822 749 919 786 hacc
947 748 1050 786 enim
1085 750 1201 797 plena
1229 757 1319 787 sunt
1345 748 1472 794 officii,
1494 773 1525 789 ω

151 813 269 861 plena
288 811 569 858 observantiae,
590 813 707 861 plena
733 812 851 850 etiam
870 813 1121 861 antiquitatis.
1179 813 1254 851 isto
1274 813 1315 850 in
1333 825 1474 863 genere

151 884 189 914 et
222 876 364 913 suimus
397 875 481 925 ipsi,
514 889 602 913 cum
640 876 864 914 ambitionis
902 884 1057 914 nostrae
1089 885 1267 926 tempora
1302 878 1474 926 postula-

151 943 258 988 bant,
282 948 319 978 et
348 940 580 978 clarissimos
609 940 710 978 viros
739 953 824 978 esse
852 939 1020 978 vidimus
1048 948 1086 979 et
1115 941 1233 979 hodie
1259 954 1343 979 esse
1370 943 1475 979 volu-

152 1017 238 1041 mus
251 1016 369 1052 quam
385 1003 570 1052 plurimos
589 1003 794 1052 gratiosos:
819 1003 1031 1041 decuriatio
1052 1003 1258 1050 tribulium,
1276 1004 1475 1055 discriptio

151 1068 297 1118 populi,
328 1068 509 1117 suffragia
535 1067 738 1117 largitione
769 1067 951 1105 devincta
980 1068 1222 1106 severitatem
1251 1077 1408 1108 senatus
1436 1078 1474 1108 et
1494 1091 1523 1114 15

152 1133 346 1170 bonorum
376 1131 552 1169 omnium
572 1130 667 1167 iram
688 1143 733 1168 ac
754 1131 931 1169 dolorem
954 1131 1180 1171 excitarunt.
1239 1133 1337 1171 haec
1362 1134 1472 1181 doce,

152 1197 249 1234 haec
277 1197 416 1245 profer,
438 1196 515 1233 huc
541 1195 736 1239 incumbe,
759 1195 990 1242 Laterensis,
1011 1197 1229 1235 decuriasse
1259 1198 1474 1245 Plancium,

152 1260 437 1310 conscripsisse,
459 1268 698 1309 sequestrem
714 1259 842 1303 fuisse,
866 1261 1148 1309 pronuntiasse,
1171 1261 1363 1300 divisisse:
1391 1270 1475 1301 tum

152 1325 321 1362 mirabor
349 1332 387 1361 te
415 1323 468 1361 eis
488 1323 604 1361 armis
627 1323 694 1368 uti,
717 1336 818 1372 quae
846 1323 916 1361 tibi
939 1325 1001 1362 lex
1027 1325 1155 1371 dabat,
1177 1326 1358 1365 noluisse.
1415 1326 1476 1365 tri-

152 1389 306 1427 bulibus
337 1387 441 1425 enim
479 1387 672 1424 iudicibus
704 1400 786 1424 non
823 1388 944 1425 modo
977 1389 1220 1427 severitatem
1249 1389 1413 1437 illorum,
1444 1391 1474 1429 si
1492 1415 1523 1430 ρο

81 1455 131 1492 46
153 1453 226 1490 ista
248 1466 338 1491 vera
366 1459 466 1499 sunt,
491 1452 561 1490 sed
586 1464 636 1489 ne
655 1453 783 1489 voltus
810 1452 968 1501 quidem
994 1454 1089 1491 serre
1117 1466 1330 1502 possemus.
1374 1456 1477 1494 hanc

154 1525 196 1555 tu
222 1517 413 1555 rationem
437 1530 527 1554 cum
556 1516 697 1565 fugeris
728 1530 816 1554 cum
845 1530 914 1555 eos
943 1517 1091 1556 iudices
1120 1520 1263 1557 habere
1293 1519 1474 1568 nolueris,

154 1595 320 1631 quorum
366 1582 406 1619 in
448 1581 560 1619 huius
610 1582 754 1620 delicto
798 1595 888 1620 cum
932 1583 1092 1621 scientia
1140 1584 1353 1622 certissima
1392 1593 1475 1623 tum

152 1646 264 1683 dolor
293 1645 540 1694 gravissimus
571 1658 656 1683 esse
684 1645 875 1692 debuerit,
905 1646 999 1695 quid
1029 1647 1134 1696 apud
1163 1647 1235 1685 hos
1264 1647 1382 1695 dices,
1409 1648 1476 1698 qui

152 1712 222 1749 abs
251 1718 289 1748 te
318 1711 424 1748 taciti
452 1710 650 1759 requirunt
679 1723 745 1748 cur
775 1710 847 1748 sibi
876 1712 951 1748 hoc
982 1711 1108 1748 oneris
1137 1711 1378 1760 imposueris,
1408 1726 1476 1751 cur
1493 1733 1524 1756 25

154 1788 195 1814 se
228 1775 474 1824 potissimum
503 1775 703 1824 delegeris,
733 1789 799 1813 cur
827 1775 1068 1825 deniqueqse
1096 1775 1268 1814 divinare
1295 1777 1476 1815 malueris

155 1853 271 1889 quam
311 1852 388 1886 eos,
429 1839 496 1888 qui
535 1840 687 1886 scirent,
728 1839 925 1878 iudicare?
1005 1841 1106 1877 XIX
1152 1853 1224 1889 ego
1262 1841 1474 1889 Plancium,

156 1905 387 1951 Laterensis,
409 1913 447 1943 et
474 1905 603 1954 ipsum
628 1905 840 1954 gratiosum
866 1918 951 1943 esse
977 1905 1066 1942 dico
1087 1911 1124 1942 et
1144 1905 1324 1943 habuisse
1349 1906 1389 1944 in
1413 1919 1478 1956 pe-

154 1969 293 2008 titione
313 1971 457 2007 multos
478 1969 641 2018 cupidos
662 1969 720 2007 sui
739 1969 938 2019 gratiOSOS,
957 1983 1055 2018 quos
1076 1978 1116 2007 tu
1137 1969 1168 2007 si
1189 1970 1332 2008 sodalis
1346 1983 1474 2018 vocas,

153 2033 368 2071 officiosam
393 2033 602 2070 amicitiam
629 2032 788 2071 nomine
817 2033 997 2082 inquinas
1027 2033 1258 2072 criminoso:
1288 2033 1358 2080 sin,
1385 2035 1477 2084 quia
1493 2052 1525 2076 30

152 2097 311 2147 gratiosi
341 2097 428 2146 sint,
452 2098 694 2136 accusandos
723 2105 848 2147 putas,
871 2097 950 2135 noli
977 2098 1103 2135 mirari
1134 2106 1171 2136 te
1199 2098 1251 2146 id,
1276 2099 1384 2147 quod
1409 2107 1476 2138 tua

152 2162 321 2212 dignitas
353 2163 567 2212 postularit,
601 2163 854 2212 repudiandis
894 2163 1150 2211 gratiosorum
1184 2163 1362 2201 amicitiis
1394 2176 1475 2203 nou

81 2227 132 2265 47
153 2239 237 2266 esse
266 2228 507 2267 adsecutum.
564 2241 656 2266 nam
681 2235 724 2265 ut
748 2240 821 2277 ego
842 2227 967 2265 doceo
987 2227 1196 2277 gratiosum
1227 2240 1312 2266 esse
1337 2226 1376 2266 in
1406 2241 1476 2267 sua
