1593 2488
566 99 770 137 INDEX
802 99 834 137 J
1277 110 1348 146 227

22 184 165 222 Rhodus,
194 183 299 215 insula
317 183 415 215 maris
442 183 560 214 interni
585 194 602 214 e
634 183 766 224 regione
787 183 908 225 Lyciae
933 188 965 215 et
989 183 1118 222 Cariae,
1143 183 1352 215 celeberrima

64 239 179 271 studiis
195 239 400 280 eloquentiae
417 238 457 269 84
479 249 515 278 14

21 294 60 325 P.
90 294 239 324 Rutilius
255 294 367 329 Rufus
389 293 445 333 Sp.
461 292 494 333 f.
517 292 572 332 Sp.
594 302 640 329 n.,
668 290 858 322 adulescens
874 291 1002 323 virtutis
1023 290 1167 333 iurisque
1189 291 1352 323 studiosus

64 347 148 379 duce
175 347 211 379 P.
245 347 358 378 Mucio
392 347 551 378 Scaevola
584 347 638 384 (de
669 346 723 377 off.
751 354 778 377 11
802 348 819 384 ἓ
843 347 907 386 47),
944 357 1010 377 cos.
1036 357 1066 378 a.
1097 355 1166 386 105,
1204 347 1352 378 tribunus

64 400 171 442 plebis
194 400 297 432 sactus
319 411 385 431 non
409 406 466 438 est,
495 400 636 431 invidiae
660 400 910 442 publicanorum
934 398 1086 431 occubuit
1110 400 1150 429 52
1178 409 1214 440 ¹3

669 496 692 528 S

23 561 191 593 Sacerdos:
214 571 244 592 v.
262 571 288 592 s.
306 561 457 592 Licinius

22 616 224 646 Salurnius:
245 625 277 646 v.
289 625 314 646 S.
331 616 513 656 Appuleius

21 670 189 701 Scaevola:
210 680 240 701 v.
257 680 283 701 s.
300 671 436 701 Illucius

21 723 198 764 Scipiones:
219 733 248 755 v.
266 733 292 754 s.
313 724 482 754 Cornelius

22 777 74 808 M.
105 776 199 807 Seius
223 776 262 808 L.
288 776 322 818 s.
353 776 386 808 in
417 777 552 807 caritate
579 787 728 808 annonae
758 787 829 809 asse
859 777 1005 809 modium
1036 776 1160 819 populo
1193 775 1352 811 vendidit,

63 828 179 860 aedilis
195 838 224 860 a.
245 837 296 868 74,
314 829 347 859 in
363 829 529 860 aedilitate
546 829 688 870 petenda
705 829 753 861 M.
779 830 890 861 Pisoni
906 830 1112 872 praepositus
1128 830 1168 860 12
1187 829 1227 862 26

21 883 210 914 Serranus:
231 893 261 913 v.
276 893 301 914 s.
318 883 446 914 Atilius

27 938 78 968 Ti.
102 938 314 978 Sempronius
339 936 512 972 Gracchus,
544 937 592 968 Ti.
602 937 637 978 f.
656 938 695 968 P.
715 947 764 975 n.,
791 938 859 969 eius
882 943 1018 969 conatus
1041 942 1157 969 contra
1178 937 1353 978 optimates

65 991 102 1022 P.
117 990 290 1021 Cornelius
308 990 420 1031 Scipio
436 990 560 1021 Nasica
577 990 713 1031 Serapio
727 992 806 1030 (cos.
830 993 898 1030 138)
916 992 1016 1023 caede
1032 991 1211 1022 vindicavit
1227 1001 1257 1023 a.
1281 1001 1349 1031 133,

66 1043 102 1074 P.
121 1043 232 1074 Mucio
250 1043 428 1075 Scaevolae
445 1043 514 1074 iure
530 1053 643 1075 caesus
657 1044 831 1075 videbatur
845 1045 886 1075 88
903 1054 923 1086 9

21 1097 147 1134 Sicilia,
164 1098 271 1139 prima
286 1097 456 1138 provincia
474 1098 700 1128 Romanorum
716 1098 803 1129 sacta
819 1109 849 1129 a.
868 1109 942 1138 241,
959 1098 1001 1130 95
1018 1098 1037 1129 8

22 1154 116 1189 Sora,
143 1152 231 1183 Latii
264 1152 394 1183 colonia
424 1152 468 1183 ad
500 1152 603 1183 Lirim
636 1153 699 1183 sita
729 1153 857 1194 Arpino
890 1153 997 1184 vicina
1010 1165 1020 1192 3
1057 1151 1184 1183 incolae
1216 1151 1347 1189 Sorani,

66 1206 105 1237 22
130 1215 170 1245 ²5

668 1287 699 1318 T

30 1366 212 1403 Terentina,
229 1365 331 1396 tribus
347 1364 518 1402 rusticana,
538 1363 579 1394 21
601 1374 648 1404 15.
665 1365 707 1394 38
728 1374 753 1402 1,
770 1363 811 1394 43
832 1373 881 1405 15,
899 1363 939 1394 54
955 1365 975 1395 8

29 1421 259 1458 Thessalonica,
286 1421 363 1451 urbs
387 1419 602 1450 Macedoniae
625 1419 668 1450 ad
690 1419 797 1450 sinum
821 1419 1064 1457 Thermaieum‚
1089 1417 1147 1450 ubi
1171 1418 1241 1450 Cic.
1261 1418 1349 1450 exsul

65 1481 284 1506 commoratus
301 1479 350 1505 est
371 1474 411 1505 99
431 1483 466 1504 ‘21

22 1528 160 1559 Alarcus
187 1527 320 1558 Tullius
336 1528 451 1563 Cicero,
476 1527 589 1558 scribit
613 1537 764 1558 versuum
787 1526 829 1558 de
852 1526 1024 1557 consulatu
1047 1525 1149 1556 libros
1173 1532 1219 1556 111
1243 1524 1284 1557 74
1300 1536 1353 1565 27,

64 1583 99 1614 in
134 1587 249 1613 senatu
282 1582 362 1613 dicit
400 1587 475 1623 post
508 1582 650 1612 reditum
683 1581 724 1613 74
760 1591 811 1621 27,
855 1580 997 1622 epistula
1027 1580 1096 1612 eius
1127 1580 1170 1612 ad
1204 1580 1355 1612 Gnaeum

64 1635 259 1675 Pompeium
283 1635 323 1665 85
357 1645 406 1674 30,
443 1635 551 1666 Roma
583 1635 748 1676 profectus
782 1634 822 1665 26
859 1645 907 1672 11,
943 1634 986 1665 86
1023 1644 1050 1673 1,
1088 1633 1141 1672 89,
1179 1633 1355 1664 Brundisio

63 1688 317 1730 Dyrrhachium,
337 1689 414 1719 inde
430 1689 700 1720 Thessalonicam
723 1689 824 1724 venit,
849 1689 906 1719 ubi
928 1699 981 1730 ap.
1010 1688 1073 1720 Cn.
1101 1687 1272 1719 Plancium
1286 1688 1355 1728 Ap-

63 1744 165 1785 puleii
196 1744 354 1785 praetoris
386 1750 593 1785 quaestorem
624 1754 682 1785 per
712 1751 767 1775 Vll
801 1743 921 1775 mensis
952 1748 1063 1774 manet
1091 1742 1250 1780 97—100,
1286 1742 1354 1773 eius

63 1799 100 1830 in
115 1798 228 1831 Sicilia
250 1804 424 1840 quaestura
441 1798 481 1828 64
503 1808 551 1838 15,
569 1804 642 1840 post
659 1799 774 1830 decem
790 1799 855 1829 iam
872 1799 992 1829 mensis
1012 1802 1182 1828 revocatus
1205 1796 1352 1838 Dyrrha-

65 1852 140 1884 chio
163 1853 317 1884 Puteolos
339 1853 427 1884 venit
451 1852 491 1883 65
517 1863 567 1896 29,
595 1853 722 1884 habitat
751 1853 784 1883 in
814 1852 916 1884 oculis
949 1852 1121 1883 hominum
1148 1850 1190 1883 66
1216 1861 1266 1889 10,
1304 1851 1354 1881 M.

65 1907 216 1949 Cispium
238 1907 384 1938 defendit
409 1908 448 1940 75
478 1918 516 1939 10

28 1963 212 2003 Torquatus
223 1974 233 1993 .·
254 1972 285 1993 v.
301 1972 327 1992 s.
344 1963 498 1994 Manlius

23 2017 74 2048 Μ.
99 2016 228 2047 Tullius
241 2017 377 2055 Deculo,
401 2027 467 2048 cos.
488 2027 517 2048 a.
537 2017 588 2055 81,
609 2016 796 2048 aediliciam
812 2014 976 2057 repulsam
993 2014 1067 2046 tulit
1085 2014 1123 2045 51
1143 2023 1159 2054 7

29 2070 216 2108 Tusculum,
261 2070 418 2111 oppidum
451 2071 553 2109 Latii,
586 2060 801 2112 municipium
832 2069 1094 2112 antiquissimum
1127 2069 1166 2100 19
1202 2066 1240 2100 6:
1277 2067 1355 2099 inde

67 2124 254 2154 Tusculani
268 2124 307 2155 19
325 2134 375 2162 21,
396 2124 436 2154 20
454 2134 490 2164 31

1105 2297 1237 2339 15—2
