1626 2488
164 117 211 153 32
498 104 557 141 M.
595 105 774 142 TVLLI
807 104 1130 143 CICERONIS
1223 102 1469 156 [XXX1177

163 189 333 237 Plancio,
362 204 575 240 numquam
607 190 843 228 dissimulavi
873 203 937 228 me
965 190 1174 239 plurimum
1208 190 1351 229 debere
1379 203 1475 229 sem-

161 269 308 306 perque
347 257 584 305 praeferam:
628 257 752 294 nullas
793 255 896 293 enim
939 255 1011 293 sibi
1050 255 1112 293 ille
1150 268 1278 304 neque
1317 264 1477 294 conten-

162 320 287 358 tiones
318 332 443 369 neque
474 319 692 357 inimicitias
723 333 851 368 neque
881 319 982 357 vitae
1009 319 1280 357 dimicationes
1309 332 1382 357 nec
1405 332 1476 368 pro

162 396 202 422 re
222 383 378 432 publica
403 396 476 421 nec
501 396 571 433 pro
597 396 660 420 me
687 383 941 431 defugiendas
962 382 1119 431 putavit.
1179 390 1296 431 atque
1316 382 1475 428 utinam,

163 459 281 495 quam
308 459 380 495 ego
409 459 493 483 sum
518 445 558 482 in
584 445 690 483 illum
717 453 856 494 gratus,
880 453 958 482 tam
986 444 1155 482 licuisset
1182 458 1249 493 per
1275 444 1476 482 hominum
1514 464 1529 487 5

163 510 241 548 vim
265 518 303 548 et
327 509 503 547 iniuriam
533 511 678 559 populo
706 511 888 547 Romano
909 508 946 546 ei.
963 508 1121 557 gratiam
1143 509 1303 546 referre!
1350 509 1420 547 sed
1447 509 1479 547 si

164 586 244 611 non
264 574 401 611 eadem
422 573 623 610 contendit
644 572 682 609 in
702 571 898 610 tribunatu
915 571 1105 617 Plancius,
1124 571 1339 610 existimare
1359 572 1479 610 debes

165 651 243 676 non
276 639 364 676 huic
395 638 635 675 voluntatem
670 637 847 682 defuisse,
885 637 954 674 sed
984 650 1057 682 me,
1091 650 1181 674 cum
1219 644 1369 674 tantum
1402 636 1478 674 iam

97 702 146 738 78
167 701 324 739 Plancio
353 702 548 747 deberem,
583 700 723 737 Racilii
752 699 949 738 beneficiis
981 699 1098 737 fuisse
1132 708 1370 737 contentum.
1429 713 1478 738 an

164 778 255 803 vero
283 773 395 814 putas
424 764 568 802 idcirco
596 764 722 802 minus
749 764 897 802 iudices
923 777 1011 801 mea
1035 778 1153 802 causa
1172 766 1349 810 facturos,
1371 766 1479 814 quod
1499 786 1530 803 10

164 841 228 867 me
256 842 339 866 esse
366 819 516 877 gratum
545 828 785 866 crimineris?
822 841 883 874 an,
905 840 994 865 cum
1023 835 1151 877 patres
1180 828 1389 878 conscripti
1414 829 1480 866 illo

166 900 321 931 senatus
341 893 530 937 consulto,
548 892 654 940 quod
675 892 714 929 in
733 900 991 930 monumento
1014 891 1128 929 Marii
1148 893 1292 939 factum
1313 900 1381 938 est,
1403 905 1481 941 quo

167 970 254 994 mea
299 958 399 994 salus
446 956 628 994 omnibus
666 963 724 994 est
761 956 939 1005 gentibus
978 957 1262 1002 commendata,
1303 956 1370 994 uni
1409 958 1479 995 Cn.

169 1019 327 1056 Plancio
346 1017 486 1068 gratias
507 1018 805 1068 egerint—unus
834 1018 936 1057 enim
957 1019 1026 1056 fuit
1048 1020 1097 1056 de
1117 1019 1402 1068 magistratibus
1420 1020 1484 1058 de-

167 1083 296 1120 fensor
325 1081 456 1120 salutis
489 1095 599 1120 meae
615 1082 742 1120 2—cui
771 1090 926 1120 senatus
955 1095 1026 1131 pro
1054 1096 1117 1120 me
1142 1082 1282 1132 gratias
1311 1084 1482 1132 agendas
1503 1101 1533 1125 ις

168 1147 328 1196 putavit,
371 1147 406 1184 ei
443 1160 516 1197 ego
553 1160 576 1184 a
613 1160 676 1185 me
713 1148 954 1186 referendam
1001 1147 1161 1197 gratiam
1201 1161 1282 1186 non
1321 1150 1484 1198 putem?

168 1218 283 1260 atque
311 1212 408 1250 haec
435 1225 524 1249 curn
543 1212 664 1258 vides,
686 1225 765 1260 quo
794 1226 857 1251 me
886 1213 1046 1251 tandem
1075 1212 1116 1250 in
1144 1221 1182 1251 te
1211 1212 1343 1251 animo
1371 1221 1485 1262 putas

169 1289 262 1322 esse,
286 1277 526 1315 Laterensis?
559 1278 680 1314 ullum
709 1290 793 1316 esse
822 1285 974 1315 tantum
1002 1277 1228 1327 periculum,
1257 1285 1406 1315 tantum
1436 1278 1488 1315 la-

169 1340 314 1387 borem,
353 1348 501 1378 tantam
539 1342 832 1379 contentionem
875 1354 993 1390 quam
1031 1354 1103 1390 ego
1140 1354 1221 1379 non
1259 1341 1379 1379 modo
1416 1353 1486 1391 pro

170 1406 292 1443 salute
312 1412 387 1451 tua,
411 1407 480 1444 sed
501 1406 616 1444 etiam
637 1420 706 1455 pro
728 1407 916 1456 dignitate
937 1405 1174 1455 defugerim?
1229 1419 1307 1455 quo
1327 1405 1485 1455 quidem
1505 1425 1536 1441 ρο

169 1468 287 1506 etiam
313 1469 433 1519 magis
463 1484 549 1508 sum
577 1484 658 1509 non
687 1471 814 1509 dicam
842 1471 1103 1515 miser—nam
1132 1471 1207 1509 hoc
1236 1470 1395 1520 quidem
1424 1471 1489 1508 ab·

169 1534 299 1571 horret
331 1546 355 1570 a
383 1533 521 1572 virtute
553 1536 779 1581 verbum—,
819 1535 888 1573 sed
921 1542 1024 1573 certe
1053 1535 1253 1580 exercitus,
1289 1547 1368 1572 non
1397 1533 1489 1584 quia

170 1597 301 1635 multis
331 1598 597 1637 debeo—leve
634 1598 738 1637 enim
768 1607 826 1637 est
855 1611 953 1636 onus
991 1598 1171 1636 beneficii
1203 1598 1388 1647 gratia—,
1419 1599 1489 1636 sed

171 1661 262 1710 quia
299 1674 414 1711 saepe
451 1671 687 1701 concurrunt
726 1663 906 1712 propriae
944 1662 1160 1711 aliquorum
1201 1663 1300 1700 bene
1339 1663 1389 1700 de
1426 1675 1489 1700 me

171 1725 395 1764 meritorum
424 1725 524 1764 inter
551 1726 658 1775 ipsos
688 1727 973 1771 contentiones,
1002 1734 1044 1763 ut
1073 1727 1215 1764 eodem
1244 1733 1421 1775 tempore
1449 1726 1488 1763 in
1507 1744 1538 1767 23

173 1789 300 1827 omnis
318 1802 450 1828 verear
468 1804 517 1829 ne
537 1791 600 1828 vix
620 1791 767 1840 possim
787 1799 916 1839 gratus
935 1789 1064 1828 videri.

105 1855 154 1893 '79
253 1853 330 1890 Sed
360 1853 458 1890 haec
488 1866 560 1902 ego
589 1854 685 1892 meis
713 1852 953 1902 ponderibus
982 1851 1225 1897 examinabo,
1255 1865 1336 1891 non
1363 1853 1489 1891 solum

173 1915 268 1964 quid
287 1916 425 1965 cuique
445 1917 622 1962 debeam,
645 1918 715 1955 sed
735 1916 850 1955 etiam
867 1917 960 1966 quid
977 1917 1162 1965 cuiusque
1182 1916 1330 1954 intersit
1346 1925 1382 1955 et
1396 1917 1490 1966 quid

173 1992 197 2016 a
226 1992 289 2016 me
317 1979 504 2028 cuiusque
539 1987 692 2029 tempus
726 1987 872 2029 poscat.
942 1980 1129 2016 XXXIII
1169 1980 1291 2027 agitur
1319 1981 1490 2018 studium

173 2049 282 2079 tuum
309 2043 371 2080 vel
400 2042 527 2088 etiam,
559 2042 590 2079 si
616 2042 684 2087 vis,
707 2041 952 2087 existimatio,
983 2043 1067 2079 laus
1095 2042 1318 2080 aedilitatis:
1347 2050 1387 2080 at
1415 2044 1487 2082 Cn.
1509 2060 1540 2085 30

175 2104 324 2142 Plancii
352 2106 453 2142 salus
485 2105 610 2154 patria
640 2106 824 2142 fortunae.
884 2105 1033 2142 salvum
1063 2112 1103 2142 tu
1132 2117 1194 2142 me
1224 2118 1307 2142 esse
1335 2105 1490 2155 cupisti:

173 2168 238 2205 hic
256 2167 346 2206 fecit
366 2167 481 2206 etiam
510 2178 553 2206 ut
578 2181 661 2206 esse
686 2181 854 2217 possem.
895 2167 1082 2205 distineor
1107 2174 1238 2205 tamen
1265 2175 1303 2206 et
1331 2168 1493 2207 divellor

176 2232 311 2271 dolore
335 2239 374 2271 et
398 2231 439 2270 in
461 2244 577 2270 causa
605 2231 748 2281 dispari
777 2230 924 2270 offendi
951 2238 989 2270 te
1017 2244 1040 2268 a
1069 2244 1131 2270 me
1160 2232 1293 2270 doleo:
1324 2233 1404 2280 sed,
1426 2245 1490 2272 me
