1593 2488
101 119 223 157 XXII
245 115 312 169 53]
359 118 478 157 PRO
519 118 606 156 CN.
634 117 898 156 PLANCIO
940 118 1164 156 ORATIO
1377 131 1422 156 21

101 204 364 251 coniunctum,
379 204 574 254 egregium
589 204 724 251 virum,
746 205 790 242 L.
804 203 1042 250 Volcatium,
1054 203 1152 241 vidit
1166 205 1222 241 M.
1240 202 1425 241 Pisonem

100 270 174 309 ista
202 269 242 308 in
280 270 476 309 aedilitate
509 268 791 308 offensiuncula
827 278 991 319 accepta
1023 281 1197 307 summos
1226 282 1248 306 a
1277 270 1426 318 populo

102 337 284 374 Romano
305 348 389 374 esse
409 336 578 374 honores
594 336 769 384 adeptos.
813 347 907 373 avus
922 348 1014 373 vero
1035 342 1124 372 tuus
1145 342 1182 373 et
1199 336 1239 372 P.
1258 334 1427 372 Nasicae

100 400 171 440 tibi
189 400 408 439 aediliciam
428 400 669 450 praedicaret
695 401 902 450 repulsam,
925 413 1004 450 quo
1024 400 1109 438 cive
1135 399 1332 438 neminem
1353 412 1426 449 ego

67 485 82 508 5
101 474 228 504 statuo
259 465 298 503 in
325 466 398 503 hac
426 479 466 504 re
492 465 650 515 publica
675 465 886 512 fortiorem,
909 474 947 504 et
971 467 1014 505 C.
1039 465 1166 512 Marii,
1188 465 1255 515 qui
1275 466 1426 503 duabus

100 531 359 570 aedilitatibus
372 532 547 580 repulsus
564 530 736 580 septiens
750 532 888 569 consul
902 538 959 569 est
972 532 1108 574 factus,
1123 538 1160 569 et
1177 532 1218 568 L.
1236 529 1425 576 Caesaris,

101 597 173 635 Cn.
197 597 362 642 Octavii,
386 598 440 634 M.
463 596 607 634 Tullii:
641 609 740 646 quos
765 597 892 635 omnis
919 597 1061 634 scimus
1091 595 1287 634 aedilitate
1317 608 1426 645 prae-

100 660 233 698 teritos
264 661 443 699 consules
483 673 567 698 esse
606 662 740 699 factos.
799 661 870 699 sed
902 660 995 710 quid
1030 673 1103 709 ego
1134 659 1332 698 aedilicias
1372 671 1428 696 re·
1447 659 1494 696 52

99 726 229 774 pulsas
276 724 463 774 conligo?
522 738 622 774 quae
670 738 788 774 saepe
838 724 919 763 eius
968 724 1077 762 modi
1129 722 1286 761 habitae
1325 730 1426 769 sunt,

53 805 84 822 10
99 796 141 827 ut
161 789 227 835 eis,
249 788 315 837 qui
340 788 535 838 praeteriti
555 796 696 833 essent,
717 788 884 837 benigne
905 801 928 826 a
950 788 1097 837 populo
1117 788 1264 824 factum
1284 785 1428 824 videre-

100 860 170 891 tur.
220 853 396 891 tribunus
430 853 598 890 militum
633 854 675 891 L.
710 853 925 902 Philippus,
957 866 1110 890 summa
1147 851 1352 889 nobilitate
1389 858 1428 889 et

100 918 334 967 eloquentia,
367 926 548 967 quaestor
577 919 621 957 C.
655 918 819 965 Caelius,
859 916 1092 955 clarissimus
1124 930 1170 954 ac
1198 915 1428 954 fortissimus

101 985 341 1031 adulescens,
374 983 519 1021 tribuni
555 983 681 1033 plebis
724 985 764 1020 P.
797 982 967 1020 Rutilius
998 983 1134 1028 Rufus,
1167 982 1213 1020 C.
1245 980 1426 1026 Fimbria,

102 1050 146 1087 C.
171 1048 338 1094 Cassius,
371 1048 443 1086 Cn.
468 1048 627 1086 Orestes
657 1046 747 1085 facti
776 1060 857 1085 non
886 1053 987 1092 sunt,
1009 1059 1109 1095 quos
1138 1053 1271 1083 tamen
1300 1044 1428 1082 omnis

54 1131 83 1154 15
103 1113 282 1150 consules
312 1111 455 1149 scimus
485 1112 609 1148 factos
639 1123 747 1159 esse,
788 1123 889 1159 quae
918 1110 988 1148 tibi
1017 1111 1117 1147 ultro
1149 1117 1259 1158 pater
1287 1115 1325 1146 et
1350 1120 1429 1144 ma-

101 1177 202 1215 iores
230 1176 285 1214 tui
314 1189 395 1213 non
421 1174 653 1214 consolandi
677 1175 733 1213 tui
758 1175 880 1224 gratia
909 1175 1052 1221 dicent,
1074 1187 1204 1223 neque
1225 1185 1317 1210 vero
1347 1185 1426 1221 quo

102 1251 140 1280 te
166 1241 331 1279 liberent
357 1240 488 1289 aliqua
515 1241 640 1289 culpa,
664 1252 782 1288 quarn
812 1246 854 1277 tu
874 1239 1027 1283 vereris,
1050 1251 1100 1276 ne
1129 1251 1152 1275 a
1180 1245 1218 1276 te
1245 1243 1428 1285 suscepta

100 1305 287 1350 videatur,
303 1305 371 1342 sed
391 1312 432 1341 ut
453 1311 490 1342 te
503 1304 553 1342 ad
568 1303 686 1341 istum
707 1316 861 1340 cursum
882 1304 1108 1348 tenendum,
1127 1314 1246 1351 quem
1266 1314 1290 1338 a
1304 1299 1429 1349 prima

100 1377 228 1409 aetate
257 1369 470 1418 suscepisti,
496 1370 758 1407 cohortentur.
817 1368 912 1405 nihil
941 1375 999 1406 est
1028 1367 1143 1414 enim,
1174 1365 1270 1404 mihi
1299 1366 1424 1410 crede,

50 1456 83 1473 20
102 1434 331 1481 Laterensis,
354 1435 403 1471 de
423 1442 462 1471 te
482 1434 708 1471 detractum.
760 1434 978 1471 detractum
999 1432 1113 1470 dico?
1142 1431 1173 1470 si
1193 1445 1256 1469 me
1272 1431 1429 1469 hercule

99 1514 189 1539 vere
223 1501 331 1549 quod
361 1499 503 1538 accidit
535 1498 778 1548 interpretari
810 1498 916 1543 velis,
951 1505 1010 1535 est
1047 1496 1196 1546 aliquid
1230 1495 1348 1534 etiam
1377 1495 1428 1534 de

98 1566 236 1604 virtute
262 1565 520 1614 significatum
549 1572 624 1601 tua.
702 1564 826 1601 XXII
882 1562 964 1600 noli
984 1562 1089 1600 enirn
1109 1561 1327 1600 existimare
1346 1572 1428 1598 non

99 1643 284 1679 magnum
313 1629 524 1678 quemdam
552 1635 704 1665 motum
736 1627 853 1667 fuisse
886 1626 987 1664 illius
1016 1625 1215 1675 petitionis
1244 1632 1346 1671 tuae,
1377 1623 1428 1662 de

99 1708 178 1744 qua
213 1708 263 1733 ne
291 1693 438 1743 aliquid
466 1693 610 1730 iurares
639 1692 850 1730 destitisti?
905 1691 1147 1730 denuntiasti
1179 1691 1301 1728 homo
1335 1689 1427 1727 adu-

51 1759 249 1799 2slescens
280 1757 376 1807 quid
414 1757 464 1795 de
501 1769 653 1794 summa
690 1754 745 1794 rei
777 1755 958 1805 publicae
990 1754 1174 1802 sentires,
1213 1753 1347 1791 fortius
1384 1760 1426 1790 tu

100 1823 259 1874 quidem
292 1835 410 1872 quam
443 1835 524 1859 non
553 1821 651 1858 nulli
685 1821 860 1859 defuncti
893 1820 1118 1867 honoribus,
1151 1820 1222 1857 sed
1258 1817 1426 1868 apertius

101 1901 218 1939 quam
237 1889 299 1926 vel
317 1886 542 1925 ambitionis
561 1887 621 1924 vel
642 1885 779 1924 aetatis
800 1894 890 1924 tuae
910 1885 1007 1923 ratio
1028 1884 1260 1935 postulabat.
1306 1895 1424 1931 quarn
1445 1889 1493 1926 53

102 1954 153 1991 ob
173 1965 255 1990 rem
274 1951 314 1989 in
335 1949 588 1989 dissentiente
607 1949 756 1998 populo
775 1948 856 1986 noli
875 1956 1012 1998 putare
1033 1949 1161 1986 nullos
1181 1947 1310 1992 fuisse,
1332 1957 1427 1994 quo-

102 2030 187 2055 rum
219 2016 371 2054 animos
403 2023 491 2053 tuus
525 2014 590 2052 ille
622 2013 730 2052 fortis
763 2013 915 2051 animus
945 2013 1179 2051 offenderet:
1206 2011 1274 2060 qui
1303 2018 1340 2048 te
1369 2009 1426 2046 in-

53 2101 85 2126 30
103 2089 260 2119 cautum
290 2081 451 2118 fortasse
483 2092 589 2116 nunc
621 2086 691 2116 tuo
724 2079 813 2116 loco
844 2079 1054 2116 demovere
1091 2082 1310 2127 potuerunt,
1341 2086 1426 2123 pro-

103 2144 301 2184 videntem
320 2150 451 2181 autem
470 2150 509 2181 et
524 2148 823 2191 praecaventem
843 2154 1058 2190 numquam
1079 2147 1182 2178 certe
1198 2139 1422 2176 movebunt.

183 2210 248 2247 An
275 2215 314 2245 te
332 2206 398 2244 illa
415 2212 644 2257 argumenta
663 2205 884 2243 duxerunt?
913 2203 1129 2242 ‘dubitatis'
1158 2201 1285 2251 inquit
1316 2199 1426 2250 ‘quin

105 2275 223 2316 coitio
259 2276 361 2314 facta
397 2274 457 2322 sit,
488 2286 578 2312 curn
616 2272 737 2312 tribus
774 2273 980 2324 plerasque
1013 2284 1104 2310 curn
1134 2269 1263 2308 Plotio
1296 2267 1425 2308 tulerit
