1626 2488
101 363 152 400 83

177 96 227 133 34
521 83 580 122 M.
619 84 798 122 TVLLI
825 83 1150 123 CICERONIS
1224 81 1423 135 [XXXIII
1440 84 1488 120 82

173 169 382 208 amicitiam
416 183 545 208 meam
573 170 762 220 voluptati
790 170 964 220 pluribus
993 183 1111 220 quam
1139 169 1332 220 pracsidio
1360 169 1490 218 fuisse,

173 245 315 282 meque
330 233 582 272 vehementer
596 233 697 272 vitae
717 246 829 272 meae
848 232 1075 283 paeniteret,
1090 232 1121 271 si
1141 233 1179 270 in
1200 246 1288 271 mea
1302 232 1491 271 familiari-

172 304 252 336 tate
272 299 380 336 locus
401 306 503 336 esset
523 297 670 336 nemini
690 298 763 336 nisi
782 297 950 348 litigioso
970 305 1035 336 aut
1056 297 1224 336 nocenti.

253 362 433 398 XXXIV
488 362 566 399 Sed
589 362 687 399 haec
713 362 846 400 nescio
873 375 952 411 quo
978 363 1099 401 modo
1125 364 1348 411 frequenter
1366 359 1405 399 in
1429 374 1493 400 rne

172 423 411 473 congessisti,
432 437 603 473 saneque
633 425 672 462 in
702 438 749 463 eo
776 425 909 463 creber
936 425 1050 472 suisti,
1072 433 1109 464 te
1138 424 1282 463 idcirco
1311 423 1351 462 in
1379 425 1494 462 ludos
1531 449 1546 472 5

172 501 329 526 causam
350 487 527 526 conicere
549 487 731 535 noluisse,
753 502 803 527 ne
831 502 902 538 ego
929 502 1017 527 mea
1042 489 1327 528 consuetudine
1347 488 1495 538 aliquid

172 553 222 591 de
243 551 361 590 tensis
382 552 669 590 misericordiae
685 565 802 590 causa
816 552 997 600 dicerem,
1016 554 1124 602 quod
1143 553 1183 590 in
1203 552 1284 590 aliis
1305 552 1494 591 aedilibus

171 623 262 653 ante
282 613 469 653 fecissem.
522 628 602 653 non
623 614 718 652 nihil
739 614 849 664 egisti
869 616 945 653 hoc
966 617 1076 664 loco,
1099 629 1191 653 nam
1211 615 1306 653 mihi
1322 614 1494 664 eripuisti

171 685 443 716 ornamentum
466 677 648 716 orationis
669 691 798 717 meae:
823 679 1041 725 deridebor,
1057 678 1088 717 si
1107 678 1349 717 mentionem
1368 687 1495 718 tensa-

170 754 257 778 rum
284 742 424 790 fecero,
455 753 545 778 cum
574 748 615 779 tu
643 740 683 779 id
711 741 970 790 praedixeris:
999 741 1081 780 sine
1102 742 1220 780 tensis
1246 750 1377 780 autem
1397 741 1492 791 quid
1514 765 1545 782 10

171 813 308 855 potero
329 805 482 844 dicere?
535 805 600 844 hic
619 806 737 844 etiam
757 805 943 844 addidisti
964 819 1026 844 me
1046 806 1191 844 idcirco
1217 819 1306 844 mea
1324 807 1409 855 lege
1429 819 1493 844 ex-

172 868 257 906 silio
290 869 480 906 ambitum
514 868 698 916 sanxisse,
730 877 773 907 ut
805 869 1102 907 miserabiliores
1134 869 1308 918 epilogos
1336 881 1493 918 possem

171 932 312 970 dicere.
362 945 439 970 non
455 933 566 971 vobis
581 933 734 971 videtur
753 946 844 971 611111
865 933 996 982 aliquo
1017 935 1289 981 declamatore,
1303 947 1383 972 non
1403 946 1494 972 cum

101 1001 153 1038 84
171 996 312 1035 laboris
343 1004 382 1034 et
412 997 484 1035 fori
515 997 708 1046 discipulo
738 997 959 1047 disputare?
1031 998 1182 1036 ‘Rhodi
1209 998 1335 1037 enim'
1369 997 1494 1048 inquit

172 1064 263 1110 ‘ego
284 1073 364 1098 non
385 1059 467 1098 fui?
496 1074 560 1099 me
589 1063 670 1099 volt
691 1061 818 1100 fuisse.
858 1063 944 1100 ‘sed
964 1062 1038 1099 fui’
1058 1062 1424 1112 inquit—putabam
1453 1062 1492 1101 in
1514 1087 1544 1111 15

170 1124 360 1162 Vaccaeis
387 1124 715 1165 dicturum—‘bis
735 1125 775 1163 in
796 1125 1000 1175 Bithynia>
1055 1125 1085 1164 si
1105 1127 1215 1165 locus
1235 1127 1352 1165 habet
1371 1140 1495 1176 repre-

171 1188 372 1227 hensionis
401 1202 534 1226 ansam
566 1189 748 1238 aliquam,
778 1190 913 1228 nescio
947 1203 1016 1228 cur
1045 1190 1275 1229 severiorem
1304 1191 1494 1229 Nicaeam

171 1260 285 1301 putes
314 1266 431 1301 quam
453 1253 662 1290 Rhodum:
691 1252 723 1291 si
752 1255 966 1302 spectanda
995 1267 1110 1291 causa
1139 1262 1207 1300 est,
1235 1262 1275 1293 et
1302 1261 1343 1292 tu
1366 1253 1405 1291 in
1435 1254 1495 1292 Bi-

171 1316 306 1366 thynia
325 1329 479 1354 summa
494 1330 585 1354 cum
602 1316 788 1366 dignitate
805 1317 909 1355 fuisti
929 1325 967 1356 et
987 1330 1060 1366 ego
1077 1318 1210 1356 Rhodi
1229 1331 1310 1356 non
1329 1317 1491 1357 minore.

173 1394 263 1418 nam
284 1380 390 1429 quod
412 1381 451 1417 in
473 1393 520 1418 eo
544 1394 607 1419 me
634 1381 926 1430 reprehendisti,
950 1383 1057 1431 quod
1084 1381 1246 1419 nimium
1267 1384 1410 1420 multos
1431 1383 1494 1421 de·
1512 1405 1544 1422 20

172 1445 383 1492 fenderem,
406 1445 555 1482 utinam
585 1452 622 1483 et
648 1452 701 1490 tu,
725 1445 791 1493 qui
816 1452 940 1494 potes,
963 1452 1001 1483 et
1031 1444 1158 1492 ceteri,
1180 1446 1246 1494 qui
1276 1445 1492 1495 defugiunt,

171 1510 317 1547 vellent
346 1522 409 1547 me
438 1509 570 1547 labore
590 1510 666 1547 hoc
693 1510 820 1547 levare
838 1512 844 1546 l
901 1509 970 1547 sed
990 1510 1032 1546 fit
1050 1517 1176 1547 vestra
1196 1508 1406 1558 diligentia,
1427 1510 1494 1560 qui

172 1572 299 1610 causis
318 1572 584 1621 ponderandis
613 1563 740 1610 omnis
760 1573 838 1610 fere
864 1572 1084 1622 repudiatis,
1106 1581 1149 1611 ut
1179 1574 1229 1611 ad
1255 1586 1326 1611 nos
1350 1575 1495 1622 plerae-

173 1649 249 1686 que
270 1637 480 1682 confluant,
502 1636 569 1685 qui
589 1636 736 1675 miseris
763 1644 802 1674 et
828 1637 1090 1675 laborantibus
1117 1650 1258 1686 negare
1284 1637 1379 1675 nihil
1408 1651 1496 1688 pos-

101 1708 152 1745 85
173 1713 315 1738 sumus.
374 1699 613 1738 admonuisti
646 1700 774 1746 etiam,
807 1702 917 1749 quod
946 1701 986 1738 in
1018 1702 1136 1740 Creta
1165 1701 1312 1747 fuisses,
1345 1701 1491 1740 dictum
1513 1730 1543 1753 25

103 2215 152 2252 86

172 1765 330 1814 aliquod
350 1763 389 1801 in
409 1764 639 1813 petitionem
659 1772 766 1802 tuam
791 1764 868 1802 (1161
888 1765 1083 1814 potuisse:
1116 1778 1179 1803 me
1200 1765 1240 1803 id
1266 1766 1490 1814 perdidisse.

171 1837 258 1868 uter
276 1828 390 1879 igitur
410 1836 584 1866 nostrum
612 1836 669 1867 est
695 1828 873 1878 cupidior
892 1829 1008 1867 dicti?
1037 1843 1173 1879 egone,
1195 1830 1261 1879 qui
1288 1831 1395 1878 quod
1415 1831 1492 1869 dici

171 1893 298 1944 potuit
317 1906 397 1931 non
419 1893 589 1941 dixerim,
612 1906 663 1931 an
692 1900 744 1940 tu,
766 1892 833 1941 qui
863 1893 979 1931 etiam
1008 1892 1090 1942 ipse
1116 1892 1155 1930 in
1181 1901 1220 1931 te
1243 1893 1409 1932 dixeris?
1454 1902 1493 1933 te

172 1957 303 1995 aiebas
324 1958 372 1995 de
393 1957 468 1994 tuis
488 1957 602 1995 rebus
627 1956 744 2006 gestis
765 1957 889 1994 nullas
914 1956 1060 1995 litteras
1086 1956 1247 2004 misisse,
1269 1958 1377 2006 quod
1397 1957 1492 1996 mihi

172 2033 294 2066 meae,
329 2033 424 2069 quas
462 2020 513 2058 ad
550 2020 719 2069 aliquem
757 2019 960 2067 misissem,
997 2019 1235 2057 obsuissent:
1284 2032 1380 2069 quas
1417 2032 1490 2070 ego
1509 2048 1542 2072 30

172 2082 269 2121 mihi
306 2081 476 2121 obfuisse
513 2095 595 2120 non
632 2082 828 2132 intellego,
863 2083 917 2121 rei
949 2082 1130 2132 publicae
1162 2082 1278 2122 video
1305 2083 1492 2133 prodesse

172 2146 355 2197 potuisse.

255 2211 408 2249 XXXV
464 2211 541 2249 Sed
569 2217 658 2249 sunt
686 2211 784 2250 haee
812 2210 969 2260 leviora,
1003 2210 1069 2249 illa
1097 2224 1189 2250 vero
1216 2210 1346 2261 gravia
1374 2217 1491 2261 atque
