1593 2488
98 151 116 199 ξ
139 145 204 200 76]
664 145 865 183 NOTES
1352 147 1419 191 167

101 236 202 266 Porro
224 239 334 265 autem
357 243 431 264 cum
453 243 514 273 pro
531 230 644 273 Cispio
667 241 733 261 non
753 230 940 267 obtinuerit,
961 229 1010 260 vel
1035 240 1094 270 pro
1116 229 1178 260 hoc
1202 230 1351 270 optinere
1372 231 1426 261 de-

100 279 188 313 bere,
204 277 259 318 qui
283 283 315 307 et
335 276 491 307 innocens
507 275 548 305 sit
565 281 595 305 et
613 274 653 305 de
669 274 782 305 salutis
803 284 880 303 suae
904 274 1153 303 conservatione
1176 274 1259 304 bene
1281 274 1426 304 meritus.

100 320 344 357 Animadverte,
372 329 437 359 quo
460 318 641 348 modestiae
668 322 928 357 temperamento
952 316 1032 346 haec
1055 322 1261 356 exsequatur,
1288 322 1323 346 ut
1347 317 1427 346 nihil

100 362 320 404 inpudentiae,
340 362 480 392 multum
497 360 664 401 religionis
681 360 800 390 habeat
816 357 949 390 oratio.'

162 429 184 458 1.
205 430 254 457 13.
299 424 640 463 tibi...condonatus]
667 423 851 465 ‘pardoncd
876 428 933 453 out
956 421 994 453 of
1014 422 1131 463 regard
1155 427 1189 453 to
1211 422 1300 462 you‚’
1327 433 1374 452 or.
1395 433 1427 462 p.

101 470 231 502 Cluent.
255 470 347 511 §109
371 479 436 499 nou
459 469 534 499 sibi
555 479 592 498 ac
614 467 792 508 dff'cnsioni
811 477 888 496 suae
908 465 1168 496 condonatum
1195 476 1255 495 esse
1273 466 1428 506 Oppiani-

99 524 183 548 cum,
210 512 360 543 Vatinius
381 522 436 552 ap.
460 512 527 542 Cic.
552 511 593 541 ad
614 511 691 541 fain.
719 518 742 540 V
770 520 839 541 roa
862 510 911 546 §2
937 519 1042 538 meam
1068 509 1381 539 animadversionem
1404 514 1431 538 el

99 556 307 596 supplicium,
327 565 387 595 quo
403 565 524 584 usurus
542 564 632 584 eram
654 554 689 583 in
710 563 780 583 eum
798 562 888 593 quem
911 552 1067 591 cepissem,
1085 552 1208 582 remilla
1223 552 1285 582 tihi
1299 556 1327 582 ct
1349 562 1429 582 con—

99 600 204 637 dono,
224 609 270 629 or.
287 609 320 639 p.
339 598 446 638 Ligar.
469 599 484 635 ἓ
499 596 539 638 36
554 596 874 638 lresfi'alrcs...reip
900 605 965 625 con
973 595 1189 625 donaveris.

162 666 187 695 1.
204 667 253 694 14.
299 665 333 694 el
355 665 506 700 quidem,
531 663 593 699 qui
614 669 678 699 pro
700 669 772 691 uno
793 660 978 698 laborarit]
1002 660 1128 700 quidem
1146 659 1172 690 is
1188 659 1265 690 here
1281 659 1429 690 adversa-

101 707 167 738 tive
187 706 378 743 ‘however‚⁷
394 706 434 737 cf.
453 716 499 736 or.
518 716 551 746 p.
570 707 654 736 Sest.
671 705 688 741 ᾖ
705 714 739 743 15
758 704 904 734 intenlus
918 707 964 733 est
981 714 1079 733 arcus
1095 703 1132 732 in
1150 713 1198 732 me
1213 713 1328 740 unum,
1347 702 1431 733 siaul

101 751 188 791 volgo
200 749 420 790 loquebantur,
437 759 471 779 re
493 748 645 789 quidem
665 748 702 777 in
722 746 962 786 rempublicam,
978 746 1049 783 il›.§
1067 745 1114 783 16,
1129 747 1145 783 ἓ
1159 745 1209 785 64,
1227 756 1273 776 or.
1286 746 1319 775 in
1333 745 1425 775 Verr.

103 801 130 824 11
145 806 164 832 4
180 794 196 831 ἓ
212 803 250 832 72
267 793 322 823 lzoc
333 792 532 822 translatum
550 791 780 830 Carthaginem
797 790 898 819 locum
910 794 1041 819 lantum
1055 789 1262 829 hominesque
1273 793 1429 823 mutarat,

102 837 280 877 ndigionem
304 836 455 876 quidem
472 834 653 875 pristinam
677 832 891 870 conservabat,
912 832 957 862 ib.
975 839 998 862 V
1014 831 1095 872 §63,
1116 831 1275 872 Nagelsb.
1297 831 1354 862 lat.
1379 832 1426 863 St.

102 890 135 921 p.
155 889 214 919 542
231 880 248 917 ἓ
266 888 321 920 ¹95
337 888 364 909 c.

165 944 189 973 1.
207 946 257 973 15.
301 944 338 973 id
360 944 476 979 ipsum
498 949 567 972 non
590 940 796 978 obtinuerit]
822 939 870 970 sor
891 938 1048 970 omission
1069 938 1106 969 of
1123 939 1178 969 sed
1196 938 1230 969 in
1246 938 1301 970 the
1317 938 1430 969 adver-

103 986 205 1017 sative
220 986 328 1017 clause
345 985 384 1016 cf.
405 987 421 1023 ἓ
438 983 478 1025 63
496 985 516 1015 l.
536 995 555 1026 9
571 984 638 1015 and
654 994 707 1014 see
726 983 810 1014 Reid
828 993 875 1013 or.
894 993 926 1023 p.
944 982 1047 1012 Arch.
1064 983 1080 1020 ἓ
1099 992 1116 1022 3
1133 982 1154 1013 1.
1176 983 1205 1013 8.

105 1094 121 1131 ἓ
166 1051 256 1123 1116.
304 1051 374 1079 nisi
395 1049 501 1122 tl'orte]
524 1048 709 1079 introduces
732 1058 774 1078 an
797 1047 962 1088 objection
986 1046 1161 1088 presumed
1182 1051 1216 1077 to
1237 1046 1279 1078 be
1299 1047 1430 1082 absurd,

137 1096 381 1132 ²3·211‚§71
417 1101 491 1131 ,23.

167 1161 191 1189 l.
207 1162 258 1190 17.
303 1158 373 1197 his]
396 1168 442 1189 se.
466 1158 677 1189 iudicibus.

167 1227 191 1256 1.
209 1229 256 1257 19.
306 1227 400 1255 solus
423 1227 464 1255 ut
485 1232 507 1255 a.
522 1227 558 1254 te
582 1222 791 1261 constituar]
815 1223 870 1254 the
892 1227 931 1252 ut
950 1222 1058 1253 clause
1078 1221 1226 1263 explains
1249 1221 1432 1252 ila—ila—

103 1268 227 1299 eis—is.
276 1268 471 1299 Translate:
497 1268 585 1298 ‘that
604 1267 618 1296 Ι
636 1277 689 1296 ani
706 1273 739 1297 to
756 1267 796 1296 be
812 1272 860 1296 set
880 1276 934 1307 up,
955 1265 1155 1306 (lesignated,
1177 1266 1219 1305 by
1235 1275 1298 1305 you
1320 1275 1355 1295 as
1378 1266 1431 1295 the

105 1312 183 1352 only
199 1321 275 1342 man
291 1311 365 1341 who
383 1310 484 1351 ought
500 1321 599 1341 never
615 1315 648 1341 to
664 1315 720 1350 get
735 1320 800 1350 any
815 1309 929 1339 favour
944 1308 1028 1339 from
1044 1308 1099 1340 the
1115 1307 1261 1339 iudices!

168 1387 266 1425 §76,
286 1388 310 1417 1.
327 1389 375 1417 20.
422 1387 642 1416 lacrimulam
669 1386 823 1421 Cispiani.
848 1383 983 1422 iudicii]
1026 1384 1100 1423 ‘my
1125 1383 1375 1414 crocodile-tear
1401 1389 1434 1413 at

106 1430 161 1461 the
184 1430 258 1461 trial
281 1429 318 1460 of
345 1428 499 1469 Cispius.’
543 1428 718 1458 lacrimula
740 1428 767 1458 is
794 1438 836 1457 an
860 1426 995 1457 ironical
1016 1427 1221 1463 diminutive,
1249 1426 1433 1466 conveying

105 1478 286 1513 contempt,
302 1472 381 1503 used
402 1479 436 1502 to
460 1482 590 1512 express
611 1472 644 1500 ‘a
666 1470 745 1501 false
769 1468 853 1509 (Cat.
877 1477 964 1500 LXVI
986 1468 1047 1508 16),
1065 1469 1175 1500 forced
1198 1470 1316 1506 (coacta
1332 1469 1432 1509 Verg.

105 1517 192 1546 Aen.
211 1523 239 1546 11
261 1515 332 1555 196)
357 1514 449 1546 tear.'
494 1514 545 1545 Cf.
562 1514 669 1554 togula
687 1513 751 1554 (ep.
769 1514 811 1543 ad
827 1514 898 1543 Att.
917 1520 928 1543 1
950 1514 997 1549 18,
1018 1511 1047 1549 6,
1068 1513 1183 1542 nacula
1205 1512 1249 1542 ib.
1271 1519 1299 1542 11
1319 1522 1370 1551 23,
1393 1514 1432 1552 1).

106 1561 169 1589 See
191 1569 224 1588 n.
241 1564 275 1589 to
298 1558 339 1588 de
363 1558 415 1588 off.
438 1565 449 1588 1
467 1558 547 1596 ἐμ,
574 1565 617 1587 111
635 1558 651 1594 ξ
667 1565 716 1596 73,
733 1557 815 1596 §89.
863 1559 870 1572 ‘
884 1555 1068 1586 Laterensis
1089 1556 1122 1585 in
1142 1555 1289 1585 Tullium
1308 1555 1434 1585 dixerat

105 1602 253 1642 epilogos
268 1601 337 1632 eius
353 1601 507 1637 inridens,
527 1610 609 1641 quos
630 1610 705 1630 eum
725 1604 853 1630 constat
874 1599 1012 1628 nimium
1027 1598 1153 1629 flebiles
1169 1604 1201 1628 et
1217 1598 1435 1628 miserationis

105 1645 220 1685 plenos
232 1644 266 1674 in
277 1644 405 1675 indiciis
415 1654 543 1684 semper
553 1643 717 1673 habuisse.
750 1642 792 1672 Et
803 1642 836 1672 in
849 1648 978 1672 oratore
992 1651 1050 1672 suo
1064 1640 1433 1679 (c.xxxvii—c.xxxviii)

106 1687 244 1718 eandem
267 1687 442 1718 affectuum
468 1686 705 1717 movendorum
733 1684 794 1715 sibi
822 1684 1055 1725 praestantiam
1081 1683 1268 1714 vindicavit.
1315 1684 1367 1714 Ac
1394 1695 1434 1714 ne

105 1730 186 1761 haec
201 1729 384 1761 laenocinia
398 1729 506 1770 potius
521 1728 677 1759 adhibere
694 1728 844 1758 fallendis
861 1727 1031 1762 iudicibus,
1049 1737 1147 1767 quam
1163 1737 1239 1757 vere
1255 1727 1434 1757 secundum

106 1773 207 1803 animi
237 1773 286 1804 sui
308 1779 434 1803 motum
454 1772 560 1803 facere
581 1771 795 1806 existimetur,
819 1770 988 1801 adseverat
1012 1770 1163 1810 Cispium
1184 1769 1247 1800 hoc
1268 1780 1344 1800 suae
1363 1780 1434 1800 ora-

107 1816 206 1847 tionis
226 1816 355 1847 adfectu
375 1825 443 1846 non
462 1815 635 1855 indignum
655 1814 762 1851 fuisse,
783 1824 858 1844 cum
879 1823 943 1854 quo
960 1812 1030 1852 (is?)
1048 1818 1122 1853 post
1143 1813 1306 1843 amicitiae
1322 1823 1435 1843 recon-

107 1858 306 1889 ciliationem
327 1859 372 1889 ita
392 1858 589 1899 participatu
616 1857 765 1888 fortunae
788 1867 865 1888 suae
888 1856 1037 1887 dolorem
1059 1856 1204 1894 senserit,
1230 1860 1264 1887 ut
1288 1856 1435 1897 impense

107 1902 201 1941 diligi
216 1900 416 1933 mereretur.’
461 1908 589 1932 SCHOL.
606 1908 688 1931 ΒΟΒ.

170 1972 194 2003 1.
213 1974 261 2001 21.
305 1972 385 2000 vide
401 1978 506 2005 quam
520 1977 574 1999 me
595 1970 650 1999 tul
664 1969 763 2000 verbi
782 1967 977 2005 paeniteat]
1006 1967 1128 1998 “mark
1145 1967 1221 1998 how
1239 1966 1435 1998 dissatisfied

109 2015 125 2045 I
141 2025 196 2045 am
213 2013 291 2044 with
306 2023 386 2053 your
402 2012 591 2053 expression
611 2011 819 2048 ‘lacrimula,'
831 2011 848 2023 '⁷
867 2010 934 2048 εἰῇ
949 2012 989 2041 82
1003 2010 1025 2040 1.
1041 2021 1056 2041 2
1074 2010 1274 2041 vehementer
1287 2021 1336 2040 me
1349 2011 1436 2040 vitae

109 2067 195 2088 meae
210 2056 440 2097 paeniteret,
460 2065 512 2096 ep.
529 2055 572 2085 ad
588 2054 660 2085 Att.
679 2062 707 2085 ΙΙ
729 2065 741 2085 1
761 2055 776 2092 ἓ
791 2065 809 2094 3
832 2065 852 2084 α
867 2058 981 2084 senatu
997 2054 1117 2094 quanti
1129 2053 1218 2095 fiam
1235 2053 1371 2084 minime
1386 2063 1435 2083 me

106 2100 294 2141 paenitet.

171 2170 196 2198 1.
210 2171 258 2199 23.
305 2169 426 2198 fletum
448 2174 526 2197 cum
547 2166 720 2204 singultu]
745 2165 904 2206 Nagelsb.
922 2165 980 2196 lat.
1003 2165 1050 2196 St.
1071 2168 1187 2205 quotes
1209 2163 1275 2195 this
1297 2174 1435 2205 passage

111 2218 144 2242 to
159 2211 319 2242 illustrate
334 2210 389 2241 the
405 2209 578 2240 difference
598 2210 747 2240 between
767 2209 824 2239 the
841 2208 939 2239 Latin
959 2208 1024 2238 and
1044 2208 1182 2238 modern
1203 2206 1380 2248 languages
1401 2208 1433 2237 in

111 2253 378 2293 individualising
399 2252 630 2293 conceptions;
655 2252 729 2282 thus
752 2262 802 2282 we
825 2251 942 2282 should
965 2251 1043 2281 here
1066 2250 1167 2290 speak
1191 2250 1228 2280 of
1252 2249 1435 2280 ‘emotion’

111 2302 119 2313 ‘
131 2295 319 2339 sympatny'
335 2295 501 2337 generally
516 2295 625 2326 rather
641 2294 721 2326 than
737 2294 793 2326 the
809 2294 958 2326 outward
973 2293 1217 2325 manifestation
1233 2292 1270 2324 of
1283 2295 1317 2323 it.
